1747 2620
190 86 242 126 23
263 91 302 126 53
633 78 690 116 M.
722 77 892 115 TVLLI
923 76 1232 115 CICERONIS

201 205 241 237 54
262 189 361 229 derit
391 189 489 229 scire
519 188 688 240 possitis.
749 190 842 227 Erat
872 187 907 226 ei
938 186 1183 227 Castriciano
1212 186 1375 226 nomine
1404 186 1510 236 irata,
1540 189 1590 227 de

261 269 342 307 quo
376 264 461 294 toto
496 254 699 305 respondit
740 253 979 292 Hortensius
996 268 1007 302 5
1050 253 1170 292 invita
1202 254 1368 292 solverat
1400 253 1592 293 Castricio

262 321 472 372 pecuniam
511 321 588 359 iam
627 320 696 359 diu
735 319 922 359 debitam,
996 318 1105 357 Hinc
1144 326 1271 357 totum
1311 318 1459 366 odium,
1499 318 1593 357 hinc

261 386 390 425 omnis
411 386 587 425 offensio.
630 387 722 435 Quo
743 398 833 424 cum
861 384 1031 423 venisset
1052 383 1208 423 Laelius
1229 386 1280 424 ad
1300 386 1417 423 iratos
1438 392 1476 424 et
1495 384 1593 423 illud

263 451 551 492 Castricianum
590 452 730 489 volnus
769 450 942 488 dicendo
981 449 1225 497 refricuisset,
1266 448 1455 488 siluerunt
1493 449 1594 500 prin·
1614 465 1631 497 5

262 516 369 567 cipes
396 530 527 567 neque
554 515 593 554 in
622 517 686 554 illa
713 514 899 554 contione
919 515 1129 553 adfuerunt
1149 527 1279 565 neque
1308 513 1418 553 istius
1447 514 1595 553 decreti

262 596 309 622 ac
343 581 544 621 testimoni
578 588 758 620 auctores
794 594 879 619 esse
911 581 1129 619 voluerunt.
1189 581 1327 630 Vsque
1364 580 1466 618 adeo
1498 580 1594 619 orba

263 647 335 686 fuit
355 648 406 686 ab
427 646 683 698 optimatibus
712 646 777 684 illa
804 645 939 684 contio
969 653 1010 684 ut
1038 644 1220 696 princeps
1240 644 1462 695 principum
1491 653 1594 684 esset

265 713 520 753 Maeandrius
538 727 548 760 ,-
578 712 689 751 cuius
710 711 842 762 lingua
872 711 983 761 quasi
1009 712 1167 749 flabello
1187 710 1391 750 seditionis
1418 710 1483 749 illa
1509 718 1593 749 tum

202 795 241 827 55
264 786 322 817 est
351 777 551 828 egentium
573 777 707 815 contio
728 776 923 815 ventilata.
986 777 1126 826 Itaque
1147 775 1312 814 civitatis
1332 775 1528 826 pudentis,
1551 783 1593 814 ut
1615 791 1656 816 10

263 857 337 894 ego
367 856 522 894 semper
551 842 780 889 existimavi,
804 849 842 880 et
870 841 1006 892 gravis,
1029 849 1071 880 ut
1101 840 1175 891 ipsi
1204 840 1413 879 existimari
1443 843 1594 889 volunt,

263 910 409 949 iustum
449 909 628 948 dolorem
667 909 925 958 querelasque
971 907 1207 958 cognoscite.
1268 908 1382 956 Quae
1427 907 1595 957 pecunia

264 974 377 1014 fuerit
397 975 504 1025 apud
533 987 573 1012 se
600 973 730 1012 Flacci
752 973 870 1023 patris
893 973 1055 1012 nomine
1079 986 1102 1011 a
1132 972 1365 1020 civitatibus,
1389 973 1490 1011 hanc
1510 985 1533 1011 a
1553 986 1594 1011 se

263 1054 349 1080 esse
378 1041 549 1079 ablatam
580 1046 808 1090 queruntur.
865 1039 957 1077 Alio
987 1040 1075 1077 loco
1103 1051 1288 1088 quaeram
1318 1037 1415 1088 quid
1445 1037 1595 1076 licuerit

265 1107 408 1144 Flacco
423 1120 433 1153 3
463 1118 568 1144 nunc
590 1112 743 1143 tantum
764 1118 787 1143 a
807 1104 1014 1143 Trallianis
1045 1103 1211 1154 requiro,
1235 1117 1354 1154 quam
1384 1103 1593 1154 pecuniam
1615 1115 1652 1149 15

263 1172 314 1210 ab
344 1185 385 1210 se
414 1171 587 1209 ablatam
609 1177 831 1220 querantur,
856 1183 1020 1208 suamne
1048 1169 1192 1217 dicant,
1217 1169 1291 1208 sibi
1320 1183 1343 1207 a
1372 1168 1594 1207 civitatibus

264 1238 461 1276 conlatam
491 1235 531 1274 in
561 1248 676 1274 usum
707 1249 832 1273 suum.
893 1235 1024 1285 Cupio
1063 1234 1209 1274 audire.
1272 1236 1415 1281 ‘Non,'
1454 1234 1592 1285 inquit,

266 1301 483 1342 ‘dicimus’
540 1300 649 1350 Quid
671 1300 818 1350 igitur?
871 1303 881 1320 ‘
899 1302 1081 1339 Delatam
1111 1301 1163 1339 ad
1193 1314 1276 1348 nos,
1304 1300 1493 1339 creditam
1523 1314 1594 1338 no-

265 1367 324 1406 bis
346 1369 389 1406 L.
414 1366 544 1405 Flacci
565 1365 683 1417 patris
705 1366 866 1405 nomine
886 1367 937 1404 ad
959 1365 1042 1404 eius
1071 1365 1154 1404 dies
1176 1367 1295 1404 festos
1315 1373 1434 1415 atque
1454 1366 1594 1404 ludos.'

203 1436 245 1480 56
266 1431 375 1481 Quid
395 1434 508 1470 tum?
568 1435 577 1452 ‘
594 1432 710 1469 Hanc
732 1432 793 1478 te,'
815 1430 952 1481 inquit,
964 1429 1115 1481 ‘capere
1146 1444 1226 1469 non
1247 1430 1380 1469 licuit.'
1438 1432 1523 1469 Iam
1554 1431 1593 1470 id
1615 1443 1655 1466 20

263 1497 409 1545 videro,
433 1498 502 1536 sed
523 1497 692 1546 primum
714 1496 811 1534 illud
832 1497 988 1535 tenebo.
1041 1497 1227 1546 Queritur
1246 1497 1382 1548 gravis,
1406 1498 1593 1547 locuples,

264 1569 401 1601 ornata
421 1561 566 1608 civitas,
584 1562 692 1611 quod
713 1574 793 1599 non
816 1561 955 1600 retinet
972 1561 1144 1601 alienum
1159 1577 1168 1610 3
1199 1562 1405 1613 spoliatam
1427 1576 1468 1601 se
1488 1562 1594 1610 dicit,

265 1629 373 1678 quod
394 1627 434 1666 id
454 1640 535 1666 non
556 1627 676 1665 habet
693 1629 801 1677 quod
823 1627 905 1665 eius
927 1641 1007 1665 non
1029 1627 1111 1666 fuit.
1164 1627 1272 1677 Quid
1294 1629 1370 1667 hoc
1391 1627 1596 1678 impuden-

265 1693 341 1732 tius
362 1693 439 1732 dici
468 1700 536 1731 aut
563 1692 656 1742 fingi
686 1694 846 1742 potest?
906 1694 1116 1731 Delectum
1139 1701 1196 1732 est
1218 1693 1421 1744 oppidum,
1445 1706 1525 1743 quo
1554 1692 1594 1730 in

265 1759 413 1810 oppido
443 1758 623 1797 universa
652 1757 820 1808 pecunia
847 1771 870 1795 a
900 1765 981 1796 tota
1002 1757 1096 1796 Asia
1116 1759 1167 1797 ad
1195 1760 1365 1797 honores
1396 1758 1440 1797 L.
1464 1757 1593 1796 Flacci
1615 1770 1652 1804 ²5

265 1831 486 1875 poneretur.
545 1825 659 1862 Haec
689 1822 857 1873 pecunia
887 1830 969 1862 tota
998 1824 1048 1861 ab
1079 1823 1296 1862 honoribus
1323 1825 1507 1862 translata
1536 1830 1595 1862 est

265 1890 304 1928 in
325 1896 532 1939 quaestum
563 1895 600 1927 et
631 1888 967 1937 faenerationem3
998 1896 1225 1939 recuperata
1256 1896 1314 1928 est
1345 1889 1475 1927 multis
1505 1895 1594 1939 post

264 1954 388 1993 annis.
449 1956 562 2003 Quae
597 1953 743 1992 civitati
780 1956 881 1992 facta
913 1961 971 1992 est
1006 1954 1175 1992 iniuria?
1230 1956 1284 1992 At
1324 1956 1488 1993 moleste
1522 1955 1594 1993 fert

192 1935 246 1974 24

204 1994 245 2029 57

311 2069 325 2089 1
353 2059 383 2089 ei
401 2069 466 2089 om.
491 2059 523 2088 V
538 2059 630 2098 (sot-l.
650 2059 785 2089 nomine
802 2059 832 2089 ei
849 2058 945 2092 irata)
1081 2068 1100 2098 5
1126 2058 1303 2089 dicendum
1326 2059 1357 2088 V
1451 2058 1594 2089 exsilue-

264 2107 342 2133 runt
359 2102 424 2133 cod.
443 2103 489 2134 H.
510 2103 673 2143 Stephani
784 2103 804 2132 6
829 2102 998 2132 contionis
1020 2101 1051 2131 V
1137 2102 1232 2132 istius
1254 2102 1300 2133 V:
1327 2102 1432 2141 ipsius
1452 2102 1553 2142 (illius
1563 2103 1591 2139 c)

263 2149 328 2177 cell.
480 2156 497 2185 7
522 2156 561 2177 ac
585 2146 633 2177 V:
657 2151 754 2185 atque
773 2146 861 2175 Ehk:
885 2150 941 2176 aut
961 2156 1001 2184 χε
1098 2146 1183 2176 adeo
1206 2146 1268 2176 Vi:
1292 2156 1332 2176 eo
1349 2148 1414 2176 cett.
1572 2146 1592 2175 8

263 2190 305 2219 ab
329 2200 394 2221 om.
414 2189 444 2219 bl
548 2189 773 2229 optumatilius
795 2188 824 2218 V
964 2199 1001 2218 12
1026 2188 1126 2218 istum
1144 2192 1168 2219 Σ
1312 2199 1348 2228 13
1374 2189 1509 2219 nomine
1526 2189 1593 2219 col-

264 2232 330 2263 lata
347 2244 366 2263 a
384 2233 575 2273 Naugerius
594 2233 645 2272 (2)
776 2243 813 2270 14
839 2237 1021 2271 querantur
1037 2243 1052 2262 c
1187 2233 1224 2262 16
1248 2233 1288 2263 ab
1305 2243 1341 2262 se
1359 2233 1413 2263 25·
1428 2243 1434 2262 :
1458 2243 1477 2262 a
1493 2242 1530 2262 se
1548 2244 1570 2271 χ
1586 2243 1591 2262 :

264 2286 339 2306 esse
356 2276 374 2305 b
520 2281 705 2315 queruntur
720 2275 774 2305 h¹k
920 2285 958 2314 19
983 2276 1086 2315 patris
1103 2286 1168 2306 om.
1189 2286 1228 2315 χε
1369 2285 1410 2314 25
1436 2275 1592 2306 universa

263 2319 394 2359 scripsi:
422 2329 486 2349 una
505 2319 621 2359 Efflx‘v‘
636 2331 643 2350 ε
668 2329 735 2350 uno
753 2318 792 2357 Β,
813 2318 974 2358 Angelius
1042 2323 1111 2350 tota
1126 2318 1185 2350 del.
1206 2317 1397 2360 Naugerius
1414 2318 1462 2360 (2)
1551 2318 1593 2349 26

264 2367 316 2394 est
334 2362 382 2404 in]
402 2363 433 2392 in
451 2363 505 2401 χς
