1747 2620
160 96 202 125 12
225 102 262 133 35
535 84 648 123 PRO
677 84 721 122 C.
758 82 997 121 RABIRIO
1029 82 1249 120 ORATIO

220 200 363 237 tandos
401 205 537 237 eontra
576 195 929 248 oppugnationenr
953 201 1104 233 vestrae
1149 192 1362 232 maiestatis
1407 193 1550 245 putavi.

222 265 362 314 Itaque
383 276 489 302 nunc
510 276 579 301 vos
602 261 731 300 omnis
749 274 820 300 oro
840 268 959 311 atque
980 260 1156 298 obtestor
1177 260 1399 309 hortorque.
1460 261 1553 298 Non

222 329 274 367 ita
296 342 381 367 mos
403 336 472 376 est,
495 328 700 366 consulem
722 340 763 365 es
785 341 850 361 *Μ

157 379 204 461 Ῑὲ
278 407 343 429 ***
360 393 471 432 limet
486 409 496 442 3
525 393 592 443 qui
614 394 731 431 hasce
752 405 818 431 ore
838 394 1003 432 adverso
1024 404 1094 443 pro
1114 404 1155 430 re
1175 390 1334 442 publica
1354 390 1553 430 cicatrices

161 440 178 469 3
220 472 268 497 ac
296 466 410 497 notas
430 457 581 496 virtutis
610 457 773 508 accepit,
798 457 828 495 is
858 471 908 495 ne
932 457 1042 508 quod
1070 455 1237 506 accipiat
1267 457 1393 494 famae
1413 457 1553 494 volnus
1574 471 1590 501 5

221 523 506 574 perhorrescit3
553 537 671 574 quem
713 536 930 573 numquam
970 521 1213 560 incursiones
1252 522 1425 559 hostium
1464 522 1553 559 loco

223 603 381 629 movere
408 597 634 640 potuerunt,
656 589 687 627 is
715 602 820 627 nunc
847 588 1039 639 impetum
1070 587 1226 634 civium,
1250 586 1312 625 cui
1339 586 1553 625 necessario

165 663 203 699 37
223 655 448 693 cedendum
487 662 557 701 est,
598 654 866 704 perhorrescit.
939 654 1087 703 ‚Neque
1124 665 1147 690 a
1185 652 1297 690 vobis
1336 651 1413 690 iam
1451 653 1554 691 bene

221 719 377 759 vivendi
409 720 480 758 sed
510 720 677 757 honeste
704 719 897 757 moriendi
928 719 1154 756 facultatem
1184 717 1290 768 petit,
1315 731 1444 767 neque
1473 725 1552 755 tam

221 792 262 823 ut
300 786 423 824 domo
462 798 533 823 sua
571 786 717 822 fruatur
755 797 874 834 quam
913 797 963 822 ne
1002 784 1127 834 patrio
1165 784 1344 833 sepulcro
1384 782 1554 833 privetur
1577 800 1614 822 10

220 850 382 889 laborat.
443 849 553 889 Nihil
587 851 698 888 aliud
722 851 799 888 iam
830 863 899 887 vos
930 856 1013 888 orat
1047 859 1167 899 atque
1195 850 1365 886 obsecrat
1394 848 1468 886 nisi
1498 848 1554 886 uti

221 930 267 954 ne
293 930 331 955 se
359 916 535 967 legitimo
565 918 695 954 funere
723 922 759 954 et
790 914 1009 954 domestica
1039 920 1159 952 morte
1188 914 1356 965 privetiS,
1389 922 1431 952 ut
1463 927 1553 952 eum

219 984 290 1033 qui
315 996 386 1033 pro
416 984 541 1033 patria
570 984 721 1020 nullum
752 995 941 1032 umquam
973 982 1110 1019 mortis
1129 981 1348 1031 perieulum
1383 980 1479 1030 fugit
1513 981 1553 1019 ln

221 1048 345 1099 patria
366 1048 463 1086 mori
486 1049 700 1098 patiamini.

162 1120 201 1159 38
278 1113 368 1152 Dixi
398 1115 449 1152 ad
479 1113 519 1152 id
548 1121 702 1164 tempus
732 1115 838 1163 quod
863 1113 959 1150 mihi
985 1126 1008 1151 a
1029 1111 1187 1150 tribuno
1211 1113 1261 1163 pl.
1285 1113 1552 1163 praestitutum
1576 1127 1612 1158 15

220 1188 304 1228 est3
349 1193 373 1219 a
406 1180 520 1218 vobis
542 1185 633 1229 pelo
665 1192 894 1229 quaesoque
926 1186 967 1217 ut
1004 1179 1101 1216 hanc
1133 1191 1253 1216 meam
1288 1178 1553 1217 defensionem

221 1259 292 1297 pro
320 1245 437 1284 amici
469 1245 640 1296 periculo
656 1244 839 1295 fidelem,
871 1258 942 1295 pro
972 1245 1024 1283 rei
1055 1243 1239 1294 publicae
1268 1245 1388 1282 salute
1414 1257 1554 1283 consu-

220 1312 339 1350 larem
363 1310 512 1362 putetis.

279 1426 407 1464 Cicero
430 1431 509 1474 pro
537 1425 725 1463 Rabirio:
765 1431 804 1462 et
833 1436 924 1462 cum
955 1422 1138 1461 universo
1171 1424 1320 1473 populo
1354 1424 1550 1471 Romano,

220 1497 305 1529 tum
337 1503 428 1528 vero
463 1490 634 1540 equestri
666 1488 796 1528 ordini
835 1490 951 1539 longe
985 1488 1217 1532 carissimus.
1277 1487 1398 1539 (Serv.
1433 1489 1549 1538 Verg.
1572 1500 1614 1522 ²0

220 1557 317 1594 Aen.
340 1557 362 1594 i.
392 1555 468 1607 13.)

265 1671 284 1690 2
307 1665 407 1700 atque
425 1659 482 1691 del.
503 1659 596 1690 Beier
711 1659 838 1698 hortor,
855 1657 1019 1698 Quirites,
1069 1657 1181 1688 Nolite
1203 1667 1264 1688 nos
1286 1662 1320 1688 et
1339 1667 1423 1689 coss.
1443 1657 1552 1688 omnis

221 1705 355 1743 privare
373 1704 565 1734 firmissimo
583 1702 753 1742 praesidio
772 1703 819 1732 rei
838 1713 868 1742 p.
890 1702 1124 1732 defendendae
1142 1701 1239 1731 Beier
1428 1701 1449 1730 6
1474 1711 1551 1740 per-

222 1745 406 1786 horrescit]
425 1746 635 1785 pertimescit
649 1745 817 1776 Niebuhr:
841 1744 901 1777 del.
919 1743 1022 1775 Orelli
1122 1754 1144 1784 9
1168 1748 1235 1775 tam
1251 1742 1416 1775 Niebuhr:
1440 1744 1505 1775 iam
1520 1743 1555 1774 Ρ
