1747 2620
131 83 188 122 30
211 85 249 120 ῃ,
576 74 631 112 M.
664 72 834 111 TVLLI
865 72 1174 112 CICERONIS

206 197 303 236 quas
324 185 516 232 contudit,
540 184 682 235 digitos
711 197 812 235 quos
837 183 1039 234 confregit,
1062 196 1203 222 nervos
1231 196 1331 234 quos
1351 182 1535 231 concidit,

206 250 408 289 restituere
447 263 528 289 non
567 257 724 301 potest3
767 249 899 297 filiam,
937 248 1057 287 filiam
1090 248 1265 300 inquam,
1301 262 1537 288 aerumnoso

147 328 188 364 74
206 315 316 366 patri,
341 315 529 362 Deciane,
555 316 688 354 redde.
750 315 863 353 Haec
892 316 1035 353 Flacco
1069 328 1151 353 non
1183 314 1371 365 probasse
1401 321 1439 353 te
1471 313 1539 351 mi-

145 1470 188 1507 31

150 1527 186 1563 75

206 381 330 420 raris?
388 381 475 428 Cui,
504 394 663 431 quaeso,
693 382 855 420 tandem
885 380 1089 430 probasti?
1146 379 1379 431 Emptiones
1409 381 1536 426 falsas,

205 446 458 498 praediorum
507 445 813 497 proscriptiones
859 459 950 484 cum
995 453 1131 496 aperta
1176 444 1538 495 circumscriptione

206 511 342 550 fecisti.
412 513 538 550 Tutor
578 511 637 549 his
678 511 909 550 mulieribus
949 512 1191 549 Graecorum
1236 510 1387 561 legibus
1426 509 1539 548 ascri-

206 578 360 616 bendus
401 577 499 625 fuit3
549 578 862 615 Polemocratem
902 576 1099 626 scripsisti,
1143 575 1455 615 mercennarium
1501 583 1540 614 et

205 642 480 681 administrum
495 641 750 680 consiliorum
769 648 936 680 tuorum.
979 642 1190 679 Adductus
1211 648 1268 679 est
1290 640 1329 678 in
1350 639 1539 679 iudicium

208 709 499 746 Polemocrates
532 709 583 746 de
615 708 709 745 dolo
742 709 846 746 malo
877 714 915 745 et
947 707 998 745 de
1031 702 1168 745 fraude
1201 720 1224 745 a
1259 706 1390 744 Dione
1424 705 1539 744 huius

207 773 327 823 ipsius
350 774 493 811 tutelae
515 772 687 811 nomine.
752 771 832 820 Qui
863 785 1077 810 concursus
1108 784 1154 810 ex
1179 770 1335 821 oppidis
1365 770 1539 808 finitimis

207 838 395 889 undique,
420 838 487 889 qui
518 839 631 877 dolor
662 838 897 885 animorum,
922 851 1023 888 quae
1049 839 1231 887 querela!
1290 837 1541 876 Condemna-

208 912 269 943 tus
306 912 363 943 est
404 906 695 943 Polemocrates
736 903 939 942 sententiis
974 902 1185 951 omnibus3
1232 901 1370 941 inritae
1409 901 1541 940 vendi-

207 970 345 1016 tiones,
377 969 513 1008 inritae
549 968 865 1020 proscriptiones.
927 970 1035 1006 Num
1063 967 1264 1006 restituis?
1321 968 1460 1006 Defers
1489 967 1540 1005 ad

208 1037 470 1086 Pergamenos
511 1043 552 1072 ut
592 1034 644 1072 illi
686 1034 902 1085 reciperent
949 1033 987 1071 in
1031 1047 1120 1072 suas
1168 1032 1315 1071 litteras
1361 1031 1540 1083 publicas

207 1102 422 1151 praeclaras
462 1099 767 1150 proscriptiones
807 1107 844 1138 et
879 1098 1100 1149 emptiones
1141 1105 1238 1136 tuas.
1299 1096 1538 1147 Repudiant‚

208 1166 382 1205 reiciunt.
448 1168 500 1204 At
539 1165 605 1216 qui
646 1165 860 1204 homines?
923 1163 1165 1215 Pergameni,
1207 1164 1429 1202 laudatores
1469 1161 1537 1200 tui.

210 1233 271 1270 Ita
300 1231 404 1271 enim
437 1231 531 1269 mihi
561 1231 714 1282 gloriari
746 1231 849 1269 visus
879 1244 919 1269 es
950 1230 1177 1268 laudatione
1209 1231 1541 1278 Pergamenorum

208 1297 319 1348 quasi
350 1299 541 1336 honorem
572 1296 763 1334 maiorum
796 1304 953 1334 tuorum
985 1302 1221 1333 consecutus
1252 1307 1367 1340 esses,
1400 1300 1438 1331 et
1464 1294 1541 1331 hoc

208 1371 246 1402 te
266 1362 506 1413 superiorem
532 1375 617 1400 esse
649 1362 814 1411 putabas
837 1374 957 1411 quam
988 1360 1180 1408 Laelium,
1202 1360 1311 1410 quod
1341 1366 1379 1397 te
1406 1357 1540 1396 civitas

209 1430 450 1478 Pergamena
470 1428 656 1465 laudaret.
718 1428 826 1464 Num
843 1425 1045 1464 honestior
1066 1434 1123 1464 est
1144 1425 1279 1464 civitas
1302 1426 1542 1474 Pergamena

208 1507 326 1544 quam
349 1494 592 1543 Smyrnaea?
648 1494 700 1531 At
723 1506 771 1531 ne
793 1491 866 1542 ipsi
888 1491 1049 1542 quidem
1079 1491 1227 1537 dicunt.
1286 1491 1441 1529 Vellem
1462 1496 1542 1527 tan-

209 1567 291 1598 turn
326 1559 471 1597 habere
507 1572 569 1597 me
599 1558 667 1606 oti,
702 1565 744 1596 ut
777 1571 933 1608 possem
968 1557 1129 1596 recitare
1161 1555 1387 1608 psephisma
1419 1556 1543 1604 Smyr-

209 1638 396 1663 naeorum
418 1625 526 1674 quod
549 1625 724 1662 fecerunt
746 1623 784 1661 in
819 1623 1053 1663 Castricium
1076 1631 1285 1669 mortuum,
1309 1621 1478 1672 primum
1500 1627 1543 1657 ut

209 1689 249 1728 in
270 1689 461 1740 oppidum
483 1689 759 1735 introferretur,
785 1690 892 1738 quod
920 1688 1004 1727 aliis
1032 1702 1112 1726 non
1134 1687 1374 1733 conceditur,
1397 1684 1542 1724 deinde

210 1762 252 1793 ut
286 1756 427 1793 ferrent
457 1753 612 1804 ephebi,
649 1761 849 1803 postremo
881 1761 923 1792 ut
956 1754 1223 1804 imponeretur
1251 1765 1368 1790 aurea
1397 1763 1542 1789 corona

211 1827 376 1859 mortuO.
438 1820 551 1857 Haec
584 1821 623 1856 P.
650 1818 834 1869 Scipioni,
861 1819 1076 1857 clarissimo
1098 1818 1189 1864 viro,
1214 1831 1304 1856 cum
1326 1823 1428 1855 esset
1456 1817 1543 1853 Per-

255 1932 274 1953 2
299 1922 399 1953 filiam
416 1922 516 1953 semel
532 1924 604 1954 lml).
622 1923 649 1953 b¹
753 1934 771 1962 4
797 1933 922 1963 quaeso
939 1923 970 1961 k,
993 1922 1156 1963 Angelius
1172 1934 1178 1953 ε
1202 1921 1296 1961 quasi
1314 1923 1377 1952 cell.
1478 1920 1543 1958 5-6

211 1977 285 1998 cum
307 1971 424 2007 aperta
443 1991 450 1998 .
472 1990 479 1998 .
499 1990 506 1998 .
528 1967 579 1997 his
603 1967 799 1998 mulieribus
819 1968 951 2007 scripsi:
981 1977 1055 1997 cum
1082 1966 1274 1997 mulieribus
1294 1963 1445 1996 <zemulis
1468 1962 1539 2001 Βχ)

212 2015 327 2050 aperta
344 2035 351 2041 .
375 2036 380 2041 .
400 2035 406 2042 .
428 2011 480 2041 his
500 2011 600 2042 rebus
619 2011 745 2051 (verbis
763 2011 832 2050 χς)
852 2010 939 2041 codd.
1057 2020 1094 2049 13
1120 2008 1407 2049 praescriptiones
1426 2006 1484 2044 (-is
1502 2009 1539 2043 Σ)

213 2054 269 2085 ΣῙΙ)
360 2055 456 2096 num]
475 2066 541 2086 non
560 2056 589 2086 ς
695 2056 733 2084 16
756 2059 789 2085 at
806 2055 861 2093 qui
879 2054 909 2083 b¹
927 2065 933 2084 :
958 2059 1056 2092 atque
1074 2057 1139 2085 cett.
1240 2053 1278 2083 18
1302 2055 1503 2082 consecutus
1519 2050 1541 2088 i,

213 2098 333 2128 Klotz:
369 2104 507 2129 secutus
534 2098 616 2129 mei:
653 2103 826 2129 assecutus
852 2098 1044 2138 Naugerius
1071 2097 1121 2135 (25
1273 2106 1309 2125 21
1340 2095 1538 2133 Smyrnaea.

213 2142 257 2173 At
290 2153 332 2172 ne
361 2142 593 2173 Camerarius:
635 2142 793 2182 Smyrne.
853 2140 907 2171 An
943 2141 997 2181 (an
1031 2146 1067 2171 ut
1098 2141 1130 2181 k)
1163 2139 1274 2179 b²)<‘2“:
1311 2139 1455 2177 Smyrne
1483 2134 1540 2166 Σὸῑ

213 2185 277 2225 ipsi
295 2209 302 2216 .
324 2210 331 2218 .
351 2210 358 2218 .
380 2187 521 2218 recitare
540 2186 649 2224 Βχςτ
674 2196 737 2216 om.
761 2184 816 2215 2b¹
966 2194 1006 2223 23
1031 2184 1173 2223 primum
1194 2188 1230 2213 ut
1248 2207 1255 2214 .
1277 2206 1284 2213 .
1306 2206 1313 2213 .
1333 2192 1408 2213 esse
1429 2184 1541 2211 cetera

216 2233 247 2266 (ξ
274 2230 330 2269 83)
361 2230 498 2269 protulit
524 2229 744 2269 Pezclt'ngerus
774 2239 789 2258 e
820 2227 885 2258 cod.
917 2227 1117 2266 Hscrmgvnn·
1145 2226 1282 2257 Rorart'z‘
1308 2224 1542 2257 Foroiuliemszs

213 2272 249 2303 in
266 2273 312 2304 ed.
335 2273 422 2304 Crat.
445 2273 497 2313 (de
513 2272 600 2303 codd.
617 2275 658 2313 st)
685 2272 732 2304 H.
750 2272 910 2312 Stephani
923 2275 952 2302 et
969 2270 1133 2302 Lambini
1147 2270 1316 2301 consultus
1333 2269 1425 2309 sileo)

1560 461 1577 492 5

1564 786 1600 808 10

1562 1113 1600 1144 15

1563 1439 1602 1461 20
