1747 2620
211 87 255 126 17
277 93 316 127 52
645 80 701 118 M.
733 79 902 117 TVLLI
934 78 1242 117 CICERONIS

277 192 398 238 fiteor‚
422 204 587 229 vacuam
618 198 656 230 et
685 190 877 240 integram
906 189 1110 240 reliquisse
1140 187 1266 228 Fanni
1295 189 1476 228 concedo
1491 203 1500 237 3
1526 189 1607 235 sed,

277 257 384 306 quod
418 256 492 294 sibi
525 256 660 305 exegit,
684 255 724 294 id
757 268 970 293 commune
1000 254 1197 293 societatis
1227 255 1375 293 factum
1405 267 1490 293 esse
1519 267 1610 293 con-

276 322 424 360 tendo.’
482 321 575 368 Quo
599 320 696 358 nihil
724 319 937 371 captiosius
964 333 1094 370 neque
1124 318 1323 369 indignius
1356 326 1485 370 potest
1517 319 1607 360 dici.

276 389 435 437 Quaero
461 387 566 426 enirn
588 387 811 438 potueritne
833 385 1001 425 Roscius
1030 400 1076 424 ex
1104 385 1291 424 societate
1319 399 1429 423 suam
1458 394 1607 436 partem

278 460 409 502 petere
431 465 566 491 necne.
627 453 665 491 Si
688 466 767 490 non
789 451 928 502 potuit,
951 465 1070 501 quem
1092 451 1144 489 ad
1165 452 1328 489 modum
1357 450 1549 489 abstulit?
1579 450 1609 488 si
1629 462 1646 492 5

277 517 416 568 potuit,
441 531 559 568 quem
590 519 641 557 ad
669 519 834 556 modum
866 531 947 556 non
977 516 1051 555 sibi
1082 516 1240 566 exegit?
1274 530 1365 554 nam
1396 517 1504 566 quod
1535 515 1608 554 sibi

214 604 253 637 53
277 584 429 635 petitur,
454 592 558 623 certe
579 584 686 623 alteri
710 598 789 622 non
816 583 992 634 exigitur.
1049 585 1115 622 An
1144 583 1196 621 ita
1224 590 1305 621 est:
1336 581 1367 620 si
1389 583 1497 632 quod
1527 582 1609 620 uni-

276 664 408 689 versae
438 649 638 689 societatis
659 649 798 688 fuisset
829 649 1004 700 petisset,
1025 649 1134 699 quod
1158 656 1242 686 tum
1272 648 1476 686 redactum
1506 654 1608 686 esset

274 715 490 766 aequaliter
511 729 649 754 omnes
679 715 942 765 partirentur3
972 727 1078 752 nunc
1097 727 1189 752 cum
1210 712 1364 764 petierit
1385 714 1493 763 quod
1515 726 1608 752 suae

209 783 252 820 18
274 780 392 830 partis
411 789 522 826 esset,
548 794 629 818 non
648 781 758 830 quod
780 788 863 818 tum
893 779 1055 818 abstulit
1082 778 1154 817 soli
1183 778 1257 817 sibi
1284 778 1441 829 exegit?
1498 778 1607 827 Quid
1631 790 1668 813 10

272 845 430 884 interest
455 845 555 883 inter
576 858 666 883 eum
688 845 755 895 qui
784 858 853 895 per
882 858 923 883 se
948 844 1071 894 litigat
1091 851 1130 883 et
1150 857 1241 883 eum
1262 844 1330 894 qui
1351 843 1529 893 cognitor
1549 851 1607 882 est

272 911 419 949 datus?
480 910 560 960 Qui
588 923 656 961 per
684 923 725 948 se
753 909 860 947 litem
884 916 1137 956 contestatur,
1161 908 1237 947 sibi
1264 908 1337 947 soli
1366 909 1475 959 petit,
1496 909 1606 948 alteri

272 989 391 1014 nemo
426 983 566 1026 potest,
605 974 679 1013 nisi
719 974 786 1025 qui
826 974 1005 1024 cognitor
1040 981 1098 1012 est
1137 964 1274 1014 factus.
1335 975 1449 1013 Itane
1481 976 1606 1014 vero?

272 1041 449 1091 cognitor
476 1041 507 1079 si
535 1041 669 1079 fuisset
699 1048 799 1087 tuus,
824 1041 932 1090 quod
953 1039 1109 1078 vicisset
1139 1039 1298 1086 iudicio,
1322 1041 1440 1078 ferres
1468 1047 1606 1089 tuum3

270 1120 352 1144 cum
374 1120 445 1144 suo
468 1106 628 1145 nomine
659 1106 781 1156 petiit,
806 1107 914 1155 quod
935 1105 1106 1152 abstulit,
1130 1105 1201 1144 tibi
1232 1119 1314 1144 non
1344 1105 1418 1143 sibi
1448 1105 1604 1155 exegit?
1627 1118 1664 1151 15

213 1187 252 1218 54
273 1172 394 1221 Quod
416 1171 447 1209 si
469 1171 677 1221 quisquan]
701 1179 833 1221 petere
864 1178 992 1220 potest
1019 1171 1128 1209 alteri
1154 1170 1222 1221 qui
1245 1170 1424 1221 cognitor
1444 1184 1524 1209 non
1546 1178 1604 1209 est

272 1238 406 1283 factus,
430 1250 586 1287 quaero,
612 1237 707 1287 quid
739 1236 804 1283 ita,
826 1250 916 1274 cum
948 1237 1150 1285 Panurgus
1181 1243 1283 1274 esset
1313 1236 1538 1274 interfectus
1566 1243 1604 1274 et

272 1302 317 1340 lis
348 1310 566 1341 contestata
598 1316 688 1340 cum
720 1302 854 1340 Flavio
889 1300 1023 1340 damni
1058 1301 1196 1339 iniuria
1228 1310 1339 1348 esset,
1371 1309 1412 1339 tu
1443 1301 1482 1339 in
1517 1315 1603 1340 eam

271 1367 379 1406 litem
409 1368 587 1417 cognitor
614 1366 734 1405 Rosci
758 1366 808 1405 sis
830 1368 966 1413 factus,
990 1380 1081 1404 cum
1104 1366 1332 1416 praesertim
1358 1380 1405 1405 ex
1430 1374 1497 1405 tua
1521 1380 1604 1405 ora-

271 1434 378 1472 tione
399 1435 681 1484 quodcumque
712 1432 782 1471 tibi
814 1440 965 1482 peteres
1000 1431 1091 1470 huic
1118 1440 1282 1482 peteres,
1319 1433 1603 1482 quodcumque
1625 1448 1665 1470 20

271 1499 340 1537 tibi
381 1498 561 1549 exigeres,
604 1498 644 1536 id
684 1498 723 1536 in
764 1498 993 1537 societatem
1042 1497 1243 1537 recideret.
1322 1499 1444 1546 Quod
1483 1497 1513 1536 si
1552 1499 1603 1536 ad

272 1564 462 1603 Roscium
484 1564 580 1602 nihil
611 1564 830 1613 perveniret
858 1565 966 1614 quod
994 1571 1035 1602 tu
1063 1577 1086 1601 a
1111 1563 1246 1602 Flavio
1265 1563 1504 1611 abstulisses,
1528 1563 1603 1601 nisi

271 1637 309 1668 te
330 1630 369 1668 in
390 1643 501 1668 suam
532 1629 639 1668 litem
662 1629 835 1668 dedisset
866 1629 1119 1679 cognitorem,
1143 1630 1194 1667 ad
1216 1636 1253 1667 te
1275 1628 1476 1679 pervenire
1506 1628 1603 1666 nihil

271 1695 389 1734 debet
425 1696 533 1745 quod
566 1695 735 1733 Roscius
769 1708 839 1745 pro
872 1708 942 1733 sua
974 1703 1082 1745 parte
1115 1694 1251 1744 exegit,
1286 1693 1475 1743 quoniam
1511 1701 1602 1732 tuus

212 1778 250 1810 55
271 1760 448 1810 cognitor
481 1774 559 1798 non
593 1768 650 1798 est
681 1762 818 1799 factus.
880 1759 990 1808 Quid
1017 1759 1125 1798 enim
1159 1759 1248 1797 huic
1278 1758 1331 1797 rei
1363 1760 1601 1809 respondere
1623 1775 1659 1805 25

271 1825 426 1876 poteris,
453 1826 610 1863 Fanni?
670 1827 773 1866 Cum
800 1826 850 1863 de
879 1838 948 1862 sua
971 1832 1077 1875 parte
1104 1824 1273 1863 Roscius
1294 1824 1480 1874 transegit
1511 1838 1600 1862 cum

272 1890 416 1938 Flavio,
439 1890 636 1929 actionem
668 1890 738 1928 tibi
769 1898 876 1928 tuam
907 1889 1062 1940 reliquit
1092 1903 1142 1928 an
1172 1892 1283 1929 non?
1341 1889 1380 1928 Si
1410 1903 1490 1928 non
1521 1890 1603 1928 reli-

270 1955 364 2005 quit,
388 1970 505 2006 quem
528 1957 577 1994 ad
603 1957 765 1994 moduni
798 1957 867 1994 HS
899 1967 1068 1994 0001333
1097 1956 1148 1994 ab
1176 1969 1223 1994 eo
1251 1963 1388 2006 postea
1408 1956 1603 2006 exegisti?

270 2021 300 2059 si
322 2021 490 2072 reliquit,
512 2021 608 2071 quid
629 2021 679 2058 ab
702 2022 777 2059 hoe
807 2021 906 2071 petis
929 2022 1037 2071 quod
1060 2034 1127 2071 per
1147 2028 1185 2059 te
1207 2022 1388 2071 persequi
1409 2029 1446 2060 et
1469 2029 1600 2072 petere

314 2136 330 2164 7
355 2126 380 2157 si
399 2126 478 2165 quid
496 2125 586 2157 codd.
602 2138 608 2158 :
637 2136 716 2157 corr.
735 2125 900 2166 Angelius
1001 2127 1020 2156 8
1045 2127 1133 2165 quod
1152 2136 1224 2157 cum
1243 2126 1331 2158 codd.
1350 2138 1356 2157 :
1380 2137 1457 2159 corr.
1477 2126 1600 2158 Manu-

268 2170 334 2200 tius
475 2181 496 2209 9
521 2180 608 2200 nunc
630 2180 702 2200 curn
723 2169 919 2200 Manutius:
943 2171 1102 2209 numquid
1122 2170 1211 2201 codd.
1362 2181 1401 2200 10
1426 2181 1492 2201 non
1508 2172 1598 2210 quod

269 2218 336 2243 tum
355 2212 565 2245 Marclmlus:
593 2214 750 2253 numquid
769 2225 843 2245 cum
860 2213 948 2244 codd.
1096 2224 1130 2244 11
1157 2214 1233 2255 per]
1255 2225 1315 2253 pro
1333 2214 1520 2244 Lambinus
1538 2216 1598 2255 (ila

270 2258 361 2296 mox)
451 2261 484 2287 et
502 2268 578 2288 eum
603 2259 653 2297 (2¹,
677 2257 884 2288 Lambinus:
917 2262 950 2289 et
967 2261 1031 2288 cell.
1053 2258 1105 2297 (cf.
1127 2257 1210 2289 Rab.
1225 2258 1315 2297 perd.
1339 2260 1388 2298 19)
1483 2259 1596 2297 cogni-

268 2306 375 2331 torem
394 2302 449 2332 dat
466 2301 554 2333 codd.
572 2313 580 2332 z
607 2312 685 2332 corr.
707 2301 882 2332 lllauulz'us
974 2311 1010 2340 15
1037 2312 1111 2332 cum
1129 2302 1234 2341 suppl.
1257 2301 1444 2332 Lambinus
1510 2302 1597 2341 petit

268 2343 356 2376 codd.
374 2356 380 2375 :
405 2355 481 2375 corr.
494 2345 540 2376 ed.
557 2345 588 2376 R
680 2345 739 2376 sibi
757 2355 824 2376 non
843 2345 900 2376 tibi
919 2344 1007 2377 codd.
1025 2357 1031 2375 ε
1058 2356 1136 2376 corr.
1157 2344 1328 2376 Hotoman
1454 2355 1495 2376 22
1522 2355 1597 2385 per-

269 2388 416 2430 veniret]
438 2390 621 2428 pertineret
638 2389 655 2418 b
