1716 2662
367 363 440 412 M.
500 363 714 411 TVLLI
781 365 1181 414 CICERONIS

272 492 410 540 PRO
472 493 537 542 A.
599 493 927 542 CAECINA
990 493 1277 543 ORATIO

167 659 220 706 81,
257 652 449 709 q'uantum
484 659 523 697 in
559 673 650 709 agro
685 660 862 710 locisque
897 661 1063 700 desertis
1097 661 1263 701 audacia
1296 669 1437 713 potest,
1460 657 1476 684 1

112 731 265 762 tantum
299 724 338 762 in
373 725 457 763 foro
481 733 599 775 atque
630 724 669 765 in
705 725 859 764 iudiciis
888 725 1136 776 impudentia
1166 728 1321 775 valeret,
1358 740 1439 766 non
1464 716 1474 737 ¹

111 788 240 827 minus
264 803 370 828 nunc
391 789 431 828 in
451 803 569 829 causa
592 791 749 829 cederet
770 793 816 830 A.
841 791 1014 831 Caecina
1034 793 1119 831 Sex.
1143 792 1291 831 Aebuti
1316 792 1438 843 impu-

108 854 278 901 dentiae,
305 868 423 904 quam
450 863 533 893 turn
561 855 601 893 in
622 855 658 894 vi
684 855 864 895 facienda
888 856 1005 895 cessit
1029 857 1230 897 audaciae.
1288 860 1436 897 Verum

68 940 85 971 5
107 927 146 958 et
179 919 275 958 illud
309 920 546 959 considerati
577 921 749 960 hominis
783 935 868 960 esse
902 922 1063 972 putavit,
1095 936 1174 973 qua
1206 925 1257 962 de
1286 938 1326 962 re
1356 923 1438 963 iure

107 984 315 1035 disceptari
349 993 555 1035 oporteret,
592 985 709 1024 armis
740 1000 821 1025 non
861 988 1112 1034 contendere,
1154 995 1193 1026 et
1231 989 1307 1027 hoc
1346 1003 1438 1027 con-

107 1049 254 1097 stantis,
295 1049 454 1100 quicum
493 1050 530 1088 vi
568 1058 606 1089 et
643 1050 760 1089 armis
799 1059 946 1090 certare
984 1052 1184 1098 noluisset,
1226 1067 1314 1092 eum
1356 1054 1437 1093 iure

107 1115 332 1165 iudicioque
370 1129 562 1165 superare.
622 1118 682 1153 Ac
713 1115 808 1153 mihi
847 1116 1009 1166 quidem
1041 1131 1132 1155 cum
1171 1119 1298 1156 audax
1332 1132 1438 1169 prae·
1460 1140 1474 1160 2

105 1181 219 1230 cipue
254 1180 372 1219 fuisse
405 1180 558 1219 videtur
592 1181 787 1219 Aebutius
826 1181 865 1219 in
900 1182 1169 1221 convocandis
1209 1183 1436 1223 hominibus

48 1263 85 1285 ιο
105 1254 142 1284 et
169 1246 376 1292 armandis,
401 1253 483 1284 tum
509 1246 720 1296 impudens
751 1246 789 1284 in
820 1246 979 1294 iudicio,
1004 1261 1085 1286 non
1110 1249 1237 1287 solum
1267 1251 1374 1299 quod
1396 1250 1433 1288 in

105 1311 293 1349 iudicium
315 1311 446 1350 venire
465 1324 582 1350 ausus
604 1320 808 1350 est—nam
835 1311 876 1350 id
897 1312 1058 1362 quidem
1081 1313 1436 1364 tametsi-improbe

104 1378 145 1415 sit
171 1377 209 1414 in
236 1384 368 1426 aperta
394 1390 443 1423 re,
467 1384 600 1414 tamen
629 1376 776 1415 malitia
796 1386 853 1416 est
884 1378 962 1417 iam
991 1379 1305 1418 usitatum-sed
1327 1383 1434 1430 quod

103 1456 183 1480 non
211 1442 403 1480 dubitavit
431 1442 470 1480 id
501 1442 630 1492 ipsum
659 1444 768 1492 quod
797 1443 968 1493 arguitur
995 1444 1172 1483 confiteri
1187 1460 1198 1492 3
1232 1445 1305 1483 nisi
1337 1447 1435 1485 forte

103 1508 179 1546 hoc
210 1507 369 1545 rationis
401 1507 550 1554 habuit,
587 1507 785 1557 quoniam,
814 1508 845 1546 si
881 1510 982 1547 facta
1016 1509 1072 1547 vis
1107 1518 1208 1548 esset
1247 1510 1432 1558 moribus,

45 1587 82 1619 15
103 1572 276 1622 superior
305 1572 344 1610 in
375 1571 623 1622 possessione
652 1572 857 1611 retinenda
888 1587 967 1612 non
999 1574 1144 1621 fuisset,
1178 1575 1270 1625 quia
1300 1584 1436 1615 contra

102 1637 160 1675 ius
194 1651 424 1688 moremque
460 1639 560 1676 facta
593 1638 652 1685 sit,
690 1640 736 1676 A.
777 1638 990 1677 Caecinam
1031 1653 1121 1677 curn
1156 1639 1292 1678 amicis
1329 1649 1434 1679 metu

100 1702 344 1753 perterritum
377 1703 617 1753 profugisse;
661 1717 768 1742 nunc
805 1717 964 1753 quoque
1000 1704 1039 1741 in
1072 1704 1219 1743 iudicio
1255 1705 1285 1743 si
1320 1719 1436 1744 causa

103 1781 209 1807 more
247 1768 504 1818 institutoque
545 1768 723 1807 omnium
765 1770 1009 1815 defendatur,
1046 1782 1118 1808 nos
1158 1769 1357 1809 inferiores
1397 1771 1435 1809 in

100 1835 254 1883 agendo
282 1847 362 1872 non
385 1835 562 1883 futuros;
592 1834 650 1873 sin
671 1848 694 1873 a
726 1834 1013 1873 consuetudine
1044 1835 1256 1881 recedatur,
1281 1849 1333 1882 se,
1355 1849 1436 1885 quo

40 1915 82 1937 20
101 1898 368 1949 impudentius
407 1900 537 1950 egerit,
573 1901 649 1938 hoc
690 1900 929 1950 superiorem
974 1899 1249 1938 discessurum.
1310 1901 1434 1950 Quasi

100 1978 191 2003 vero
210 1973 277 2003 aut
302 1965 406 2004 idem
428 1965 550 2016 possit
571 1965 610 2004 in
635 1965 782 2004 iudicio
806 1965 1035 2016 improbitas
1065 1966 1173 2015 quod
1194 1965 1233 2003 in
1255 1965 1291 2003 vi
1316 1968 1434 2004 confi-

147 2081 160 2100 1
187 2070 278 2109 agris
296 2070 395 2101 Mart.
415 2070 492 2110 Cap.
513 2073 527 2107 ξ
547 2079 609 2109 527
805 2081 824 2100 2
848 2074 948 2108 atque
968 2070 1015 2105 in]
1040 2075 1141 2108 atque
1160 2069 1208 2109 ωῙ,
1227 2070 1368 2110 Quintil.
1388 2070 1430 2102 ix.

99 2124 129 2153 3.
147 2115 189 2144 80
205 2125 211 2144 ε
237 2119 269 2144 et
287 2114 320 2144 in
339 2113 466 2153 Aquila
483 2113 583 2144 Rom.
606 2116 620 2150 ξ
643 2114 681 2143 18
701 2113 914 2152 (iudiciisque
932 2112 1034 2144 Mart.
1057 2113 1153 2153 Cap.)
1299 2124 1318 2152 3
1343 2124 1431 2145 nunc

99 2168 164 2189 om.
183 2156 275 2195 Μμς
382 2168 401 2195 4
429 2157 585 2187 faciunda
601 2156 655 2195 Ee,
676 2156 775 2187 Mart.
798 2155 886 2196 Cap..
906 2156 1037 2195 Aquila
1055 2156 1154 2187 Rom.
1175 2157 1256 2195 (non
1275 2156 1428 2198 Quintil.)

96 2201 118 2230 6
142 2201 312 2240 deceptari
336 2200 428 2231 TEe:
453 2200 617 2230 decertari
636 2204 726 2230 cem:
752 2210 831 2230 corr.
851 2199 1014 2230 Graevius
1126 2201 1146 2230 8
1172 2210 1248 2231 cum
1267 2211 1302 2231 c:
1327 2210 1428 2239 quum

103 2243 148 2274 T:
173 2254 272 2283 quom
291 2243 473 2283 (quomodo
489 2244 522 2283 k)
541 2247 609 2273 cett.
631 2243 688 2277 (ila
705 2243 810 2282 saepe)
931 2253 967 2280 14
994 2243 1153 2282 quoniam
1173 2243 1244 2283 (qfn
1268 2243 1338 2282 T):
1362 2243 1429 2283 qu&

99 2288 278 2326 (quomodo
295 2287 328 2323 k)
346 2291 411 2318 cett.
558 2296 597 2325 19
622 2287 675 2317 sin
693 2297 712 2316 a
728 2287 779 2319 ⁶5:
803 2286 855 2316 sin
879 2286 927 2320 T:
950 2286 1002 2316 sin
1021 2297 1039 2316 e
1057 2290 1121 2318 cett.
1270 2297 1309 2317 21
1340 2287 1426 2319 idem

97 2331 202 2371 possit
223 2331 255 2361 in
274 2331 396 2362 iudicio
419 2329 497 2362 TE:
523 2330 555 2361 in
573 2330 697 2361 iudicio
713 2331 821 2370 possit
839 2330 926 2360 idem
947 2334 1012 2362 cett.
