1716 2662
266 90 374 128 PRO
406 90 453 137 Q.
489 88 693 126 ROSCIO
724 87 1007 126 COMOEDO
1038 87 1255 125 ORATIO
1385 96 1430 133 14

101 201 177 240 tius
226 201 369 240 dicam.
430 202 571 239 Vtrum
610 201 776 238 Luscius
825 207 863 238 et
904 199 1092 237 Manilius
1133 198 1230 236 nihil
1269 200 1320 237 de
1358 200 1428 236 HS

100 278 270 305 0061333
299 279 346 305 ex
376 265 519 305 Cluvio
546 264 765 312 audierunt,
788 278 839 302 an
862 264 1024 304 Cluvius
1046 265 1187 302 falsum
1217 262 1362 302 Luscio
1394 270 1432 300 ct

102 331 268 369 Manilio
291 330 416 370 dixit?
457 332 550 369 Hoc
571 344 644 380 ego
664 331 754 369 loco
770 331 899 368 soluto
920 337 958 368 et
979 329 1113 380 quieto
1135 343 1221 367 sum
1239 327 1372 367 animo
1394 335 1433 366 et

99 410 287 446 quorsom
308 396 455 435 recidat
477 410 709 447 responsum
728 404 838 434 tuum
860 410 941 434 non
964 409 1107 446 magno
1129 409 1247 446 opere
1269 394 1406 433 laboro
1424 408 1434 441 ;

62 473 80 507 5
101 462 332 501 firmissimis
362 461 466 501 enim
503 470 540 500 et
570 461 825 500 sanctissimis
866 460 1100 499 testimoniis
1131 460 1301 498 virorum
1333 458 1430 509 opti-

101 542 254 566 morum
275 541 393 566 causa
421 527 542 566 Rosci
573 526 818 566 communita
837 534 906 565 est.
966 526 1006 565 Si
1036 525 1113 564 iam
1144 524 1214 564 tibi
1243 525 1431 564 delibera-

100 602 183 632 tum
221 601 279 632 est
317 593 461 644 quibus
508 592 674 643 abroges
713 593 833 632 fidem
879 593 970 630 iuris
1010 590 1174 637 iurandi,
1222 591 1426 641 responde.

101 659 268 698 Manilio
290 667 328 698 et
350 658 495 698 Luscio
515 672 634 709 negas
655 672 740 707 esse
768 658 1046 697 credendum?
1104 656 1191 703 Dic,
1214 657 1343 704 aude3
1371 662 1430 694 est

100 732 190 764 tuae
237 723 521 772 contumaciae,
567 723 820 775 adrogantiae
866 722 1049 773 vitaeque
1095 721 1299 760 universae
1342 734 1427 759 vox.

44 804 82 827 10
102 790 210 839 Quid
232 798 432 841 exspectas
454 804 573 840 quam
592 804 682 828 mox
703 803 776 839 ego
799 788 985 827 Luscium
1008 797 1045 825 et
1069 786 1277 825 Manilium
1299 785 1429 825 dicam

100 855 238 894 ordine
268 869 353 895 esse
382 863 594 902 senatores,
624 862 754 893 aetate
783 853 940 904 grandis
969 860 1078 900 natu,
1105 860 1243 890 natura
1273 859 1429 890 sanctos

100 929 137 959 et
159 921 370 971 religiosos,
393 920 517 971 copiis
544 919 598 959 rei
626 918 824 958 familiaris
859 917 1065 968 locupletis
1095 926 1133 956 et
1163 916 1430 968 pecuniosos?

100 987 193 1024 Non
215 987 381 1035 faciam3
414 986 511 1024 nihil
540 985 636 1024 mihi
659 985 876 1031 detraham,
897 997 988 1022 cum
1010 982 1083 1021 illis
1104 990 1263 1021 exactae
1291 981 1429 1020 aetatis

100 1050 344 1090 severissime
383 1052 554 1089 fructum
593 1064 713 1100 quem
753 1056 978 1088 meruerunt
1017 1048 1239 1086 retribuam.
1299 1046 1428 1096 Magis

45 1131 80 1163 ¹5
100 1129 188 1154 mea
216 1115 486 1154 adulescentia
505 1115 655 1166 indiget
684 1115 841 1153 illorum
863 1115 970 1153 bona
998 1112 1286 1152 existimatione
1307 1125 1426 1162 quam

100 1182 253 1220 illorum
275 1181 519 1221 severissima
539 1188 721 1220 senectus
742 1180 939 1219 desiderat
964 1193 1090 1217 meam
1114 1179 1283 1217 laudem.
1337 1177 1427 1215 Tibi

99 1260 201 1294 ver0,
226 1248 327 1293 Piso,
351 1246 420 1286 diu
445 1246 747 1291 deliberandum
779 1254 817 1284 et
845 1245 1180 1294 concoquendum
1211 1251 1269 1282 est
1299 1250 1429 1281 utrum

100 1311 229 1363 potius
253 1313 454 1352 Chaereae
481 1312 648 1351 iniurato
676 1311 715 1350 in
744 1326 813 1350 sua
840 1311 916 1357 lite,
940 1325 989 1349 an
1020 1309 1187 1348 Manilio
1216 1317 1254 1347 et
1285 1309 1429 1347 Luscio

99 1375 231 1415 iuratis
253 1377 291 1415 in
313 1377 443 1416 alieno
463 1377 611 1416 iudicio
636 1379 784 1416 credas.
841 1376 1059 1426 Reliquum
1090 1383 1148 1414 est
1174 1383 1217 1413 ut
1244 1374 1428 1414 Cluvium

43 1455 81 1478 20
101 1443 242 1480 falsum
260 1442 405 1480 dixisse
424 1441 568 1480 Luscio
588 1450 627 1480 et
650 1441 818 1479 Manilio
842 1442 1068 1479 contendat.
1130 1440 1248 1488 Quod
1272 1439 1303 1477 si
1324 1439 1426 1486 facit,

99 1520 178 1557 qua
194 1506 439 1556 impudentia
455 1514 524 1554 est,
539 1520 684 1545 eumne
701 1514 841 1545 testem
863 1504 1102 1556 improbabit
1118 1518 1235 1554 quem
1257 1503 1429 1542 iudicem

100 1572 302 1623 probarit?
344 1571 380 1611 ei
413 1572 572 1622 negabit
610 1572 717 1611 credi
757 1579 938 1622 oportere
977 1569 1039 1608 cui
1075 1569 1158 1619 ipse
1193 1568 1430 1608 crediderit?

100 1637 184 1676 eius
204 1637 312 1676 testis
336 1638 387 1677 ad
412 1637 585 1677 iudicem
613 1639 732 1677 fidem
763 1636 977 1675 infirmabit
997 1635 1108 1674 cuius
1130 1642 1288 1685 propter
1310 1636 1428 1673 fidem

103 1711 142 1742 et
161 1702 388 1753 religionem
410 1702 551 1742 iudicis
573 1702 682 1741 testis
702 1702 967 1753 compararit?
995 1714 1114 1751 quem
1139 1704 1211 1751 ego
1232 1699 1271 1739 sii
1289 1701 1429 1751 ferrem

44 1782 83 1814 ²5
103 1767 286 1816 iudicem,
325 1770 509 1818 refugere
546 1782 628 1808 non
671 1768 844 1816 deberet,
886 1780 976 1807 cum
1020 1774 1160 1805 testem
1198 1766 1431 1816 producam,

102 1830 392 1884 reprehendere
407 1833 569 1872 audebit
583 1835 602 1871 ?

159 1898 291 1936 ‘Dicit
321 1898 451 1945 enim,'
486 1897 623 1948 inquit,
652 1897 862 1936 ‘iniuratus
892 1898 1036 1935 Luscio
1071 1904 1109 1935 et
1142 1894 1333 1934 Manilio.’
1389 1894 1427 1934 Si

102 1962 249 2001 diceret
269 1962 432 2011 iuratus,
451 1964 660 2002 crederes?
716 1966 770 2001 At
790 1964 886 2013 quid
915 1962 1074 2001 interest
1102 1961 1202 2000 inter
1231 1962 1427 2012 periurum

103 2036 140 2066 et
156 2029 389 2067 mendacem
404 2030 420 2066 ?
461 2027 540 2077 Qui
558 2027 712 2066 mentiri
729 2030 838 2075 solet,
854 2027 1025 2078 peierare
1043 2026 1256 2065 consuevit.
1296 2027 1427 2074 Quem

44 2106 85 2137 30
103 2107 175 2144 ego
196 2102 237 2133 ut
260 2095 470 2132 mentiatur
490 2094 678 2132 inducere
704 2107 882 2144 possum,
902 2101 944 2131 ut
966 2092 1112 2143 peieret
1137 2104 1295 2130 exorare
1316 2089 1429 2129 facile

151 2209 161 2229 1
192 2197 336 2229 Manlius
361 2201 445 2228 ssms
469 2198 531 2238 (ila
557 2200 646 2237 mox}
805 2208 823 2236 4
849 2196 990 2237 recidat]
1017 2196 1136 2226 tendat
1160 2194 1228 2225 b¹111
1390 2203 1429 2233 13

105 2241 203 2281 nihil}
223 2253 265 2272 ne
284 2242 472 2272 Mommsen
610 2252 643 2279 14
670 2240 883 2271 severissime
901 2240 959 2272 dcl.
981 2239 1169 2270 Mommsen
1307 2249 1345 2279 15
1369 2249 1429 2268 ex-

105 2286 277 2325 timatione
302 2286 389 2316 bona
414 2289 439 2315 Ω
600 2294 638 2323 19
661 2284 822 2324 reliquum
848 2283 954 2315 b²l⁴3·:
990 2284 1141 2314 relictum
1167 2286 1230 2313 cclt.
1387 2292 1427 2319 24

104 2328 306 2368 compararit
323 2327 431 2360 Halm
447 2341 453 2360 z
479 2327 689 2367 comparabit
706 2339 738 2358 c:
763 2327 978 2367 comparabat
996 2330 1060 2358 cett.
1176 2336 1217 2366 25
1241 2326 1332 2367 cum]
1352 2335 1427 2356 eum

104 2382 178 2403 cum
194 2373 383 2404 Lambinus
516 2373 558 2402 28
583 2372 711 2402 iuratus
728 2371 757 2411 k,
776 2369 824 2402 ed.
844 2371 876 2402 R
892 2381 899 2402 :
924 2370 1088 2402 iniuratus
1105 2374 1169 2402 cett.

1452 99 1493 130 43

1453 204 1497 242 15

1452 533 1495 563 44

1450 1188 1491 1219 45

1448 1852 1495 1898 16

1448 1920 1488 1960 46
