1747 2620
197 76 233 106 11
253 83 292 114 25
628 70 684 108 M.
715 70 884 108 TVLLI
915 69 1222 109 CICERONIS
1257 69 1261 70 ⁷

250 180 399 232 primus
437 181 476 220 in
509 182 583 220 hac
621 180 777 220 civitate
808 182 947 221 consul
985 181 1068 230 fuit,
1101 181 1213 221 euius
1252 181 1394 222 virtute
1427 182 1584 234 regibus

250 246 515 285 exterminatis
558 246 716 285 libertas
756 246 795 285 in
835 260 876 286 re
919 247 1077 298 publica
1116 247 1331 287 constituta
1373 255 1442 296 est,
1482 261 1584 299 quae

250 324 375 362 usque
400 313 450 350 ad
476 313 552 351 hoc
577 319 734 362 tempus
760 312 989 359 honoribus,
1020 312 1202 363 imperiis,
1233 326 1360 352 rerum
1387 320 1583 365 gestarum

249 376 371 427 gloria
418 377 647 416 continuata
703 379 930 428 permansit,
979 392 1151 429 cumque
1198 379 1250 417 ab
1297 380 1371 418 hac
1422 380 1583 431 perenni

250 450 549 494 contestataque
582 444 724 482 virtute
762 443 954 482 maiorum
986 457 1066 482 non
1103 445 1224 483 modo
1258 457 1338 483 non
1377 446 1621 496 degenera-5

250 508 346 547 verit
388 510 430 547 L.
475 510 638 548 Flaccus
679 510 760 557 sed,
797 522 916 559 quam
960 508 1129 548 maxime
1170 511 1306 548 florere
1350 510 1389 548 in
1432 510 1584 560 generis

250 574 309 614 sui
324 574 445 625 gloria
473 575 632 623 viderat,
663 576 820 614 laudem
843 574 989 625 patriae
1015 575 1053 613 in
1078 574 1297 614 libertatem
1323 575 1585 614 vindicandae

250 647 405 691 praetor
442 641 644 688 adamarit,
680 640 719 678 in
760 642 835 679 hoc
871 654 943 691 ego
983 654 1049 679 reo
1088 654 1137 679 ne
1176 641 1285 691 quod
1319 640 1583 691 perniciosum

250 707 474 756 exemplum
507 708 695 757 prodatur
734 705 1020 757 pertimescam,
1063 705 1102 743 in
1138 719 1230 756 quo,
1267 705 1385 744 etiam
1417 705 1448 744 si
1487 705 1585 756 quid

192 778 231 811 26
251 779 424 819 errasset,
448 785 586 810 omnes
608 771 701 810 boni
723 771 989 810 conivendum
1007 785 1092 810 esse
1111 770 1418 810 arbitrarentur?
1461 772 1583 821 Quod
1607 785 1645 808 ιο

249 836 412 887 quidem
444 850 517 888 ego
549 850 629 876 non
666 838 788 876 modo
824 850 904 876 non
941 839 1110 888 postulo,
1140 838 1211 876 sed
1240 845 1388 885 contra,
1420 836 1581 886 iudices,

250 915 319 940 vos
340 915 409 940 oro
430 910 468 941 et
489 903 665 942 obtestor
686 910 727 942 ut
756 910 878 942 totam
902 916 1060 942 causam
1086 916 1206 953 quam
1234 903 1402 942 maxime
1425 903 1585 943 intentis

249 967 384 1015 oculis,
408 976 449 1006 ut
479 968 600 1016 aiunt,
624 968 812 1007 acerrime
845 968 1182 1019 contemplemini.
1257 968 1367 1008 Nihil
1398 968 1584 1020 religione

249 1040 445 1080 testatum,
476 1033 573 1072 nihil
603 1034 764 1073 veritate
793 1035 1013 1082 fundatum,
1052 1033 1148 1072 nihil
1177 1035 1315 1073 dolore
1343 1047 1580 1086 expressum,

249 1107 465 1149 contraque
486 1099 620 1138 omnia
644 1107 826 1151 corrupta
847 1099 1021 1147 libidine,
1045 1099 1257 1148 iracundia,
1281 1100 1422 1148 studio,
1446 1100 1580 1151 pretio,
1607 1118 1643 1150 ¹5

250 1165 419 1216 periurio
439 1165 683 1215 reperientur.

306 1232 464 1270 Etenim
488 1231 565 1269 iam
588 1231 766 1270 universa
787 1231 949 1270 istorum
974 1231 1131 1282 cognita
1159 1231 1373 1282 cupiditate
1394 1233 1582 1272 accedam

250 1297 301 1335 ad
328 1296 499 1347 singulas
520 1298 697 1347 querelas
723 1297 1096 1348 criminationesque
1123 1297 1375 1336 Graecorum.
1437 1297 1583 1338 Classis

250 1361 412 1401 nomine
439 1362 649 1412 pecuniam
672 1362 894 1402 civitatibus
920 1363 1150 1414 imperatam
1174 1371 1400 1414 queruntur.
1461 1365 1582 1413 Quod

251 1440 322 1466 nos
354 1429 511 1474 factum,
549 1427 710 1476 iudices,
744 1429 989 1467 confitemur.
1060 1429 1139 1467 Sed
1167 1428 1199 1467 si
1226 1430 1303 1468 hoc
1333 1429 1480 1468 crimen
1511 1437 1580 1478 est,
1605 1447 1645 1469 20

248 1500 316 1532 aut
344 1492 382 1531 in
408 1506 456 1532 eo
481 1500 538 1532 est
566 1494 675 1544 quod
706 1507 786 1532 non
815 1494 965 1533 licuerit
997 1494 1294 1546 imperare„aut
1326 1495 1365 1533 in
1395 1509 1443 1534 eo
1473 1497 1582 1546 quod

250 1571 331 1597 non
352 1571 451 1608 opus
473 1557 586 1597 fuerit
614 1558 791 1607 navibus,
813 1566 880 1598 aut
902 1560 940 1598 in
969 1573 1017 1599 eo
1038 1561 1146 1611 quod
1169 1562 1275 1599 nulla
1303 1562 1379 1599 hoc
1406 1568 1583 1611 praetore

250 1623 384 1663 classis
412 1623 609 1674 navigarit.
671 1624 847 1663 Licuisse
872 1633 913 1664 ut
944 1625 1158 1676 intellegas,
1181 1639 1377 1676 cognosce
1398 1626 1494 1676 quid
1520 1640 1583 1665 me

250 1690 413 1728 consule
441 1696 599 1728 senatus
629 1690 855 1738 decreverit,
890 1704 980 1729 cum
1010 1691 1172 1741 quidem
1202 1691 1299 1729 nihil
1329 1705 1351 1730 a
1380 1691 1583 1742 superiori-

252 1754 325 1793 bus
358 1754 636 1793 continuorum
664 1768 857 1793 annorum
897 1756 1064 1796 decretis
1100 1756 1332 1796 discesserit.
1393 1759 1582 1796 SENATVS
1604 1772 1642 1803 25

251 1831 510 1859 CONSVLTVM.
582 1819 808 1859 Proximum
853 1830 911 1860 est
949 1836 1041 1873 ergo
1084 1830 1126 1861 ut
1169 1835 1268 1873 opus
1307 1822 1421 1861 fuerit
1459 1824 1582 1861 classe

252 1898 378 1924 necne
409 1898 653 1934 quaeramus.
713 1887 854 1925 Vtrum
886 1887 1000 1938 igitur
1030 1889 1105 1926 hoc
1138 1888 1278 1927 Graeci
1311 1895 1482 1927 statuent
1515 1895 1582 1927 aut

252 1952 354 1989 ullae
385 1958 538 1989 exterae
569 1951 760 1999 nationes,
798 1966 848 1991 an
885 1955 1005 1992 nostri
1040 1961 1247 2004 praetores,
1286 1954 1407 1992 nostri
1447 1955 1580 2001 duces

252 2015 372 2055 nostri
418 2016 700 2067 imperatores?
772 2018 969 2069 Equidem
1018 2018 1199 2057 existimo
1251 2018 1289 2057 in
1337 2019 1420 2057 eius
1474 2019 1581 2057 modi

187 1209 230 1239 12

192 1269 231 1305 27

297 2131 317 2160 3
342 2122 471 2162 imperii
506 2124 569 2164 Q-io
596 2124 636 2163 χ)
670 2123 783 2155 codd.:
818 2134 897 2155 corr.
925 2124 1077 2154 Faernus
1250 2133 1269 2162 5
1294 2124 1516 2163 degeneravit
1542 2124 1579 2156 b:

255 2165 468 2204 degenerarit
485 2167 506 2207 i,
526 2166 702 2198 Manutius
789 2168 810 2197 6
833 2178 931 2207 quam
951 2167 993 2206 B,
1014 2166 1154 2198 Muller:
1182 2167 1214 2198 id
1232 2168 1319 2207 quod
1338 2172 1387 2207 Σχ
1404 2179 1411 2198 τ
1438 2168 1527 2206 quod
1545 2178 1582 2198 c:

257 2209 289 2239 in
307 2219 372 2247 qua
388 2209 442 2240 h¹le
597 2220 613 2249 7
639 2210 743 2250 gloria
761 2222 825 2251 χει
853 2211 991 2250 gloriam
1010 2214 1074 2242 cett.
1223 2212 1243 2241 8
1267 2210 1417 2252 praetor]
1436 2211 1481 2242 rei
1499 2220 1531 2250 p.
1550 2210 1582 2241 B

260 2262 297 2291 13
321 2253 483 2284 acerrime
500 2252 557 2284 del.
576 2254 739 2284 Ruhnken
920 2255 958 2284 16
983 2254 1196 2294 reperientur
1214 2254 1268 2285 ΣΙ)ι
1289 2266 1295 2285 :
1320 2254 1497 2295 reperietis
1514 2258 1577 2286 cett.

256 2305 298 2326 22
322 2296 495 2337 praetore]
514 2302 667 2337 tempore
684 2297 716 2327 Β
830 2308 871 2337 25
896 2298 1091 2328 discesserit
1109 2310 1143 2337 χ,
1164 2297 1375 2329 Lambinus:
1399 2298 1581 2330 decesserit

258 2339 321 2380 (-at
338 2339 382 2382 (ἶ)
399 2339 486 2372 codd.
621 2342 662 2371 28
686 2341 787 2372 vestri
808 2342 879 2382 (ter)
897 2342 939 2381 ὺχ
1030 2341 1148 2382 duces]
1167 2341 1295 2373 iudices
1312 2346 1334 2373 Σ
