1716 2662
263 78 373 116 PRo
405 79 452 126 o.
487 55 692 116 Rosc10
724 78 1007 117 COMOEDO
1038 79 1255 118 ORATIO
1402 83 1491 127 617

98 190 224 228 virum
244 203 363 240 quam
395 189 625 229 histrionem
647 203 732 229 esse
752 191 969 238 arbitratur,
1004 191 1071 242 qui
1099 191 1152 230 ita
1181 192 1433 242 dignissimus

98 262 156 293 est
177 268 319 294 scaena
338 263 496 306 propter
522 255 728 294 artificium
750 264 792 294 ut
813 255 1065 306 dignissimus
1082 258 1130 295 sit
1151 259 1256 295 curia
1277 266 1435 308 propter

97 320 390 359 abstinentiam.
431 322 509 359 Sed
524 321 619 371 quid
636 334 709 371 ego
727 323 882 372 ineptus
897 323 946 360 de
966 324 1112 362 Roscio
1128 324 1234 373 apud
1249 323 1433 362 Pisonem
1458 327 1493 357 18

99 384 221 424 dico?
279 387 464 435 Ignotum
504 387 706 425 hominem
748 386 896 426 scilicet
943 388 1120 438 pluribus
1165 389 1291 427 verbis
1330 403 1435 428 com-

61 465 78 496 5
99 451 256 489 mendo.
308 452 430 489 Estne
451 451 660 501 quisquam
683 452 860 490 omnium
885 452 1107 491 mortalium
1126 454 1176 492 de
1194 467 1274 503 quo
1295 455 1434 493 melius

97 514 294 554 existimes
326 517 394 554 tu?
436 523 547 554 estne
579 515 788 566 quisquam
824 516 891 566 qui
927 517 996 555 tibi
1033 519 1175 567 purior,
1210 518 1432 568 pudentior,

97 580 316 628 humanior,
356 580 565 619 officiosior
604 581 878 631 liberaliorque
917 582 1126 621 videatur?
1197 583 1336 632 Quid?
1379 591 1431 630 tu,

97 646 236 692 Saturi,
259 647 325 696 qui
348 654 484 685 contra
506 647 612 684 hunc
634 646 753 694 venis,
779 646 976 685 existimas
1002 647 1144 686 aliter?
1172 660 1317 695 nonne,
1340 661 1435 698 quo-

97 710 370 761 tienscumque
392 711 431 749 in
453 724 570 749 causa
591 711 630 749 in
651 725 798 751 nomen
820 712 935 751 huius
955 712 1136 760 incidisti,
1156 713 1298 752 totiens
1328 715 1434 752 hunc

40 791 78 813 10
97 784 134 816 et
165 777 290 814 virum
323 776 472 815 bonum
506 790 592 815 esse
623 776 753 815 dixisti
788 785 826 816 et
857 779 1017 816 honoris
1054 791 1172 817 causa
1200 778 1435 829 appellasti?

96 843 204 891 quod
244 855 362 880 nemo
401 842 475 880 nisi
514 850 581 881 aut
620 842 900 882 honestissimo
935 851 1001 882 aut
1033 843 1273 882 amicissimo
1308 845 1434 883 facere

96 906 310 945 consuevit.
372 908 462 956 Qua
483 907 523 945 in
545 921 585 947 re
608 908 703 946 mihi
725 908 888 947 ridicule
909 922 950 947 es
972 910 1076 947 visus
1097 922 1182 948 esse
1204 910 1433 948 inconstans
1459 921 1493 953 19

96 973 163 1021 qui
203 973 374 1011 eundem
415 980 453 1011 et
493 974 667 1012 laederes
706 981 744 1012 et
783 975 973 1021 laudares,
1006 982 1044 1012 et
1079 974 1203 1012 virum
1238 975 1433 1024 optimum

97 1045 135 1075 et
165 1036 366 1075 hominem
399 1037 734 1088 improbissimum
767 1052 852 1077 esse
888 1039 1048 1077 diceres.
1110 1040 1294 1077 Eundem
1324 1047 1366 1077 tu
1395 1047 1434 1079 et

40 1115 75 1147 ¹5
97 1101 256 1140 honoris
286 1115 403 1141 causa
431 1103 658 1153 appellabas
688 1111 726 1141 et
746 1102 871 1141 virum
902 1104 1126 1154 primarium
1158 1117 1243 1142 esse
1272 1104 1432 1143 dicebas

96 1174 134 1205 et
172 1166 323 1206 socium
363 1169 563 1207 fraudasse
603 1168 822 1218 arguebas?
878 1169 968 1216 Sed,
1005 1176 1047 1207 ut
1086 1168 1237 1219 opinor,
1274 1169 1432 1207 laudem

95 1232 245 1270 veritati
276 1233 485 1280 tribuebas,
524 1233 671 1272 crimen
705 1233 850 1284 gratiae
885 1235 1160 1282 concedeba53
1190 1236 1240 1273 de
1269 1236 1357 1282 hoc,
1390 1243 1432 1274 ut

95 1297 355 1346 existimabas,
380 1298 650 1349 praedicabas,
664 1299 865 1338 Chaereae
887 1300 1073 1338 arbitratu
1095 1313 1254 1338 causam
1275 1301 1429 1350 agebas.

150 1363 360 1402 Fraudavit
384 1363 578 1402 Roscius!
637 1365 708 1402 Est
737 1365 814 1403 hoc
842 1365 1003 1415 quidem
1032 1365 1191 1404 auribus
1211 1365 1432 1416 animisque
1450 1376 1474 1415 7

38 1444 78 1466 20
97 1415 276 1467 omnium
316 1429 542 1468 absurdum.
603 1429 713 1478 Quid
752 1430 783 1468 si
823 1432 983 1469 tandem
1022 1430 1194 1481 aliquem
1233 1430 1430 1479 timidum,

96 1494 335 1542 dementem,
361 1494 535 1542 divitem,
565 1494 728 1533 inertem
760 1504 897 1534 nactus
928 1504 1029 1534 esset
1059 1496 1126 1545 qui
1156 1496 1318 1546 experiri
1348 1509 1429 1534 non

96 1561 260 1609 posset?
315 1561 469 1598 Tamen
511 1559 741 1598 incredibile
780 1568 892 1599 esset.
951 1563 1099 1599 Verum
1138 1569 1270 1600 tamen
1309 1575 1427 1611 quern
1450 1578 1490 1599 20

94 1624 279 1663 fraudarit
299 1624 514 1663 videamus.
575 1626 619 1664 C.
657 1624 851 1663 Fannium
883 1626 1101 1665 Chaeream
1133 1626 1301 1664 Roscius
1332 1628 1430 1664 frau-

95 1689 225 1728 davit!
282 1690 364 1729 Oro
397 1698 516 1740 atque
551 1691 716 1729 obsecro
746 1703 815 1729 vos
845 1690 912 1740 qui
943 1691 1076 1738 nostis,
1110 1691 1229 1730 vitam
1260 1691 1359 1730 inter
1388 1705 1429 1731 se

37 1769 75 1800 ²5
96 1755 297 1804 utriusque
331 1757 516 1802 conferte,
548 1755 615 1805 qui
650 1768 731 1793 non
766 1755 900 1799 nostis,
933 1756 1073 1795 faciem
1108 1756 1310 1807 utriusque
1339 1770 1430 1796 con-

95 1819 273 1859 siderate.
333 1822 479 1859 Nonne
520 1820 648 1871 ipsum
689 1828 806 1871 caput
846 1829 884 1859 et
923 1821 1129 1872 supercilia
1168 1822 1231 1860 illa
1273 1823 1429 1872 penitus

94 1885 231 1924 abrasa
262 1887 366 1924 olere
401 1885 589 1924 malitiam
624 1894 662 1924 et
697 1885 896 1924 clamitare
931 1886 1184 1924 calliditatem
1219 1887 1429 1926 videntur?

95 1963 175 1988 non
195 1950 245 1989 ab
266 1951 353 1989 imis
375 1951 572 2001 unguibus
594 1964 718 2001 usque
738 1953 789 1990 ad
811 1951 995 1990 verticem
1022 1965 1232 2001 summum,
1256 1953 1286 1991 si
1308 1967 1427 2004 quam

138 2057 159 2086 6
183 2060 217 2086 tu
235 2061 308 2096 sup.
328 2055 385 2086 lin.
408 2055 483 2086 hab.
503 2058 529 2085 Ω
651 2066 668 2095 7
693 2055 863 2087 liberalior
883 2057 970 2097 (sine
987 2058 1079 2096 -quel
1098 2056 1285 2088 Beroaldus
1391 2068 1430 2097 19

94 2098 158 2129 hoc
177 2098 329 2139 quidem]
348 2099 412 2129 hoc
430 2099 568 2138 primum
587 2099 719 2138 quidem
739 2098 781 2129 02
799 2111 806 2130 t
831 2100 893 2131 hoc
911 2101 1044 2140 quidem
1063 2102 1207 2140 primum
1225 2101 1275 2132 os*
1387 2112 1430 2133 20

95 2142 243 2172 omnium
269 2141 482 2173 Mommsen:
515 2143 685 2174 hominum
711 2142 800 2174 codd.
963 2154 999 2174 21
1028 2144 1166 2175 divitem
1193 2145 1344 2175 timidum
1371 2145 1428 2175 de-

99 2190 243 2215 mentem
271 2186 410 2216 divitem
436 2186 577 2217 inertem
603 2197 641 2217 o:
670 2187 808 2217 divitem
834 2187 985 2217 timidum
1010 2188 1200 2218 dementem
1231 2188 1374 2218 inertem
1398 2189 1429 2220 θ’

96 2229 244 2267 experiri
263 2228 414 2260 b2m2t‘2—:
438 2231 595 2269 experire
612 2234 677 2261 cett.
786 2240 827 2270 24
853 2230 978 2272 nostis]
988 2232 1071 2270 sort.
1092 2240 1152 2262 eos
1169 2233 1275 2263 nostis
1386 2241 1425 2270 27

96 2273 216 2302 adrasa
232 2271 295 2302 52¹0
440 2274 483 2303 28
509 2273 594 2315 non]
617 2283 730 2304 nonne
748 2275 821 2314 οῖς,
840 2273 1033 2315 Naugerius
1049 2274 1097 2315 (2)

140 2325 204 2347 ωε.
231 2325 299 2347 PRO
326 2325 451 2347 ROSCIO
1310 2323 1329 2352 4
