1716 2662
519 78 629 116 PRO
661 78 703 115 1..
737 78 955 119 FLACCO
985 76 1204 117 ORATIO
1471 85 1524 125 34
1542 83 1584 125 85

193 186 362 235 amitteS,
394 200 444 225 an
473 194 585 225 tuum
617 187 724 224 nulla
754 184 914 224 avaritia
949 186 1054 223 salva
1088 184 1278 235 dignitate
1311 184 1527 224 retinebis?

194 254 247 291 At
279 252 390 290 istius
425 251 650 291 hereditatis
676 251 753 288 iam
788 250 964 289 Globulo
994 257 1172 301 praetore
1203 250 1332 288 Flacci
1363 249 1524 288 nomine

194 316 315 368 petita
345 316 542 367 possessio
573 324 641 355 est.
702 317 795 354 Non
830 315 944 365 igitur
978 315 1194 366 impressio,
1226 328 1307 353 non
1342 314 1408 361 vis,
1445 328 1526 352 non

194 381 364 429 occasio,
408 394 489 420 non
536 388 703 431 tempus,
754 393 835 419 non
883 380 1105 431 imperium,
1145 394 1226 419 non
1274 393 1429 419 secures
1475 381 1527 419 ad

158 446 375 494 5ir1iuriam
419 446 640 486 faciendam
682 445 809 484 Flacci
854 445 1030 484 animum
1075 445 1325 496 impulerunt.
1395 447 1527 495 Atque
1547 453 1589 486 86

195 513 337 551 eodem
365 511 483 550 etiam
511 513 566 550 M.
599 513 739 558 Lurco,
762 511 818 549 vir
844 511 1028 561 optimus,
1058 525 1168 549 meus
1199 510 1406 558 familiaris,
1437 524 1528 549 con-

195 578 308 616 vertit
337 579 518 616 aculeum
548 576 749 615 testimoni
780 575 868 624 sui,
900 576 1056 626 negavit
1085 589 1108 614 a
1137 576 1288 626 privato
1318 575 1527 626 pecuniam

196 643 235 681 in
279 641 479 693 provincia
521 649 739 692 praetorem
788 649 920 692 petere
963 648 1154 691 oportere.
1226 641 1306 680 Cur
1353 641 1525 688 tandem,

197 709 255 746 M.
279 709 419 754 Lurco,
442 719 522 745 non
544 708 728 757 oportet?
787 708 1041 756 Extorquere‚
1064 705 1242 756 accipere
1267 712 1403 744 contra
1423 706 1528 755 leges

138 787 177 810 10
197 787 278 812 non
304 780 469 824 oportet,
492 780 624 823 petere
654 785 735 811 non
765 778 945 822 oportere
974 784 1192 821 numquam
1223 771 1422 817 ostendes,
1453 769 1528 809 nisi

196 838 376 877 docueris
403 851 484 876 non
504 837 629 876 licere.
691 839 755 875 An
776 837 990 888 legationes
1012 849 1166 875 sumere
1187 836 1326 875 liberas
1347 835 1527 886 exigendi

196 917 323 950 causa,
366 904 465 942 sicut
504 911 542 942 et
580 911 622 942 tu
662 904 745 953 ipse
787 916 912 953 nuper
950 909 988 941 et
1020 901 1133 940 multi
1172 901 1241 940 viri
1280 901 1376 940 boni
1410 914 1527 952 saepe

197 971 382 1016 fecerunt,
424 976 574 1007 rectum
609 975 678 1015 est,
719 969 829 1018 quod
868 981 940 1018 ego
978 980 1060 1006 non
1099 967 1358 1017 reprehendo,
1399 965 1527 1004 socios

197 1035 312 1073 video
339 1034 474 1084 queri,
512 1041 742 1084 praetorem,
784 1034 815 1071 si
847 1031 1105 1072 hereditatem
1137 1031 1177 1070 in
1209 1031 1408 1082 provincia
1446 1044 1528 1069 non

141 1117 176 1149 15
197 1099 405 1150 reliquerit,
439 1112 520 1137 non
551 1101 679 1137 solum
714 1099 1085 1149 reprehendendum
1118 1110 1253 1136 verum
1288 1096 1405 1135 etiam
1437 1110 1527 1134 con-

196 1165 469 1204 demnandum
512 1165 655 1214 putas?
729 1163 872 1211 ‘Doti,’
915 1162 1053 1213 inquit,
1091 1161 1274 1201 ‘Valeria
1317 1161 1524 1211 pecuniam
1545 1173 1594 1212 35

197 1244 358 1270 omnem
406 1243 517 1269 suam
554 1229 728 1268 dixerat.'
802 1227 912 1268 Nihil
952 1228 1116 1267 istorum
1159 1227 1341 1278 explicari
1384 1234 1524 1276 potest,

197 1296 271 1335 nisi
303 1295 522 1335 ostenderis
553 1295 658 1334 illam
690 1294 730 1333 in
762 1295 886 1333 tutela
912 1293 1043 1332 Flacci
1074 1306 1155 1331 non
1182 1293 1311 1332 fuisse.
1371 1292 1410 1331 Si
1443 1292 1525 1339 fuit,

198 1374 473 1412 quaecumque
497 1360 581 1398 sine
600 1361 677 1398 hoc
697 1367 856 1398 auctore
877 1366 935 1397 est
955 1357 1060 1397 dicta
1085 1359 1172 1405 dos,
1192 1359 1299 1396 nulla
1319 1365 1388 1396 est.
1448 1358 1526 1396 Sed
1546 1364 1589 1405 87

141 1443 179 1464 20
198 1435 331 1465 tamen
359 1428 598 1473 Lurconem,
617 1438 857 1475 quamquam
885 1437 956 1474 pro
983 1437 1052 1461 sua
1082 1423 1271 1473 dignitate
1300 1424 1526 1462 moderatus

198 1500 256 1532 est
277 1491 317 1530 iri
331 1490 558 1530 testimonio
577 1489 748 1529 dicendo
764 1488 930 1528 orationi
946 1501 1049 1535 suae,
1070 1496 1202 1526 tamen
1226 1487 1365 1525 iratum
1383 1488 1526 1526 Flacco

199 1570 284 1596 esse
317 1555 481 1595 vidistis.
539 1556 681 1605 Neque
714 1553 819 1592 enim
855 1552 1065 1591 occultavit
1103 1565 1261 1590 causam
1300 1551 1526 1591 iracundiae

199 1636 293 1660 suae
314 1634 443 1671 neque
467 1619 707 1658 reticendam
728 1618 879 1669 putavit
893 1632 904 1666 3
932 1625 1095 1668 questus
1122 1624 1180 1655 est
1200 1616 1384 1655 libertum
1408 1630 1523 1655 suum

200 1689 343 1726 Flacco
374 1693 551 1737 praetore
585 1698 669 1723 esse
700 1685 944 1722 damnatum.
1002 1683 1039 1721 O
1071 1681 1328 1720 condiciones
1366 1681 1524 1720 miseras

139 1764 177 1799 ²5
197 1751 595 1791 administrandarum
619 1748 921 1799 provinciarum,
947 1747 987 1785 in
1014 1746 1157 1797 quibus
1181 1746 1383 1797 diligentia
1408 1748 1525 1797 plena

199 1817 441 1856 simultatum
473 1822 540 1861 est,
577 1813 822 1863 neglegentia
854 1811 1200 1863 vituperationum,
1237 1812 1306 1850 ubi
1340 1811 1523 1850 severitas

198 1881 417 1933 periculosa
447 1887 520 1927 est,
552 1878 761 1917 liberalitas
795 1879 954 1928 ingrata,
983 1890 1113 1915 sermo
1141 1876 1366 1924 insidiosus,
1386 1878 1523 1915 adsen-

199 1947 296 1985 tatio
319 1944 546 1996 perniciosa,
570 1945 676 1982 frons
699 1942 878 1982 omnium
903 1941 1112 1988 familiaris,
1134 1943 1345 1980 multorum
1368 1941 1523 1979 animus

243 2060 263 2088 3
287 2059 353 2079 non
372 2049 432 2087 vis,
453 2058 518 2078 non
536 2047 668 2078 occasio
685 2044 862 2076 Manutius
879 2056 886 2075 t
921 2055 986 2075 non
1010 2045 1143 2075 occasio
1163 2045 1301 2085 (occisio
1319 2045 1370 2083 χῖ),
1391 2055 1454 2074 non
1474 2045 1523 2074 vis

200 2092 288 2124 codd.
406 2102 424 2131 5
449 2096 548 2130 atque
563 2090 672 2120 Halm
693 2101 698 2119 :
722 2091 833 2128 itaque
850 2087 939 2119 codd.
1038 2098 1059 2126 9
1083 2092 1286 2126 extorquere
1302 2088 1360 2118 dcl.
1375 2088 1523 2127 loom-er:

203 2136 355 2175 Eripere,
377 2140 581 2173 extorquere
600 2133 789 2173 Naugerius
808 2132 855 2174 μ’)
962 2131 1133 2171 accipere]
1150 2131 1302 2169 arripere
1319 2132 1348 2162 ς’
1484 2141 1521 2169 13

201 2185 328 2210 rectum
348 2178 466 2217 2h¹x¹k
481 2189 486 2207 :
512 2183 618 2207 ratum
635 2180 700 2207 cett.
862 2184 899 2214 15
925 2185 992 2205 non
1010 2174 1120 2204 solum
1138 2184 1203 2203 non
1222 2174 1308 2213 Βχς
1486 2185 1521 2214 17

202 2221 302 2262 nihil]
319 2222 388 2251 doti
404 2220 480 2252 add.
493 2219 581 2252 codd.
596 2223 626 2259 (e
641 2231 669 2251 v.
687 2218 879 2259 superiore),
895 2217 955 2249 del.
972 2217 1162 2257 Naugerius
1177 2218 1227 2255 (Ι)
1322 2218 1359 2247 18
1384 2217 1521 2248 tutelam

203 2269 226 2297 Σ
316 2265 376 2295 suit
392 2263 583 2305 Naugerms
597 2264 645 2305 (2)
662 2275 668 2293 ε
693 2263 736 2294 sit
752 2261 840 2293 codd.
946 2270 982 2291 21
1004 2260 1146 2291 orationi
1163 2260 1320 2290 Bremius
1337 2272 1343 2290 :
1370 2261 1523 2300 religioni

203 2307 291 2340 codd.
442 2318 482 2337 22
507 2317 614 2346 neque
631 2307 720 2337 enim
738 2306 756 2336 b
772 2317 779 2337 ε
804 2315 864 2336 nec
881 2304 970 2335 enim
989 2308 1053 2336 cett.
1212 2314 1253 2343 25
1279 2305 1523 2343 provinciarum

202 2362 261 2392 χει
287 2352 457 2384 civitatum
479 2349 569 2392 (add.
589 2355 622 2382 et
640 2350 669 2391 b)
690 2350 937 2390 provinciarum
955 2348 998 2380 Σὺ
1017 2347 1068 2389 (cf.
1089 2350 1103 2385 ξ
1122 2347 1178 2388 32)
1199 2358 1206 2378 ι
1238 2348 1454 2387 pecuniarum
1473 2349 1493 2378 k
