1716 2662
453 103 512 141 IN
546 103 586 140 L.
622 101 871 140 PISONEM
904 100 1121 139 ORATIO
1407 107 1457 144 32
1476 104 1518 134 8ο

129 213 292 261 consuli,
325 212 474 251 auctori
509 212 642 250 salutis
681 225 801 257 meae,
840 213 1022 260 frequens
1057 209 1264 256 adsideret,
1302 214 1458 246 senatus

129 278 364 317 sententiam
395 284 618 328 praestaret,
643 277 680 314 in
712 275 965 314 contionibus
997 289 1075 312 non
1108 275 1229 311 modo
1259 287 1299 311 se
1329 274 1459 310 defen-

129 356 256 381 sorem
279 342 412 380 salutis
434 356 544 380 meae
566 343 634 380 sed
652 341 769 379 etiam
791 340 1008 391 supplicem
1031 353 1101 389 pro
1124 353 1185 377 me
1204 339 1458 389 profiteretur,

130 407 245 446 huius
267 407 477 446 voluntatis
497 420 588 445 eum
609 419 727 456 quem
755 406 922 444 multum
944 418 1060 454 posse
1081 404 1341 453 intellegebat,
1365 401 1459 440 mihi

92 486 211 521 5non
250 472 453 511 inimicum
492 485 577 510 esse
615 478 813 521 cognorat,
851 470 1000 509 socium
1040 469 1113 508 sibi
1152 476 1190 507 et
1227 469 1459 515 adiutorem,

131 539 176 578 C.
206 539 427 585 Caesarem,
450 536 638 576 adiunxit.
699 537 783 574 Iam
815 535 924 575 vides
954 549 1017 574 me
1046 534 1117 573 tibi
1147 547 1227 572 non
1259 533 1460 572 inimicum

130 605 201 643 sed
229 604 396 650 hostem,
419 602 492 641 illis
517 615 616 653 quos
645 601 834 641 describis
865 614 945 639 non
971 601 1092 639 modo
1116 613 1196 638 non
1225 599 1363 637 iratum
1392 599 1461 637 sed

131 669 248 709 etiam
269 668 439 707 amicum
470 681 555 706 esse
586 667 730 706 debere
746 682 756 714 ,-
795 680 962 717 quorum
992 667 1097 712 alter,
1122 664 1161 704 id
1191 665 1299 715 quod
1329 663 1463 702 merni-

131 747 236 781 nero,
260 747 413 784 semper
439 746 565 782 aeque
592 731 686 770 mihi
708 733 856 770 amicus
884 731 954 769 fuit
981 744 1026 768 ac
1054 730 1140 777 sibi,
1163 731 1268 777 alter,
1293 729 1332 767 id
1353 729 1461 779 quod

75 817 115 839 10
133 798 352 847 obliviscar,
372 797 446 836 sibi
472 797 687 848 aliquando
714 796 876 836 amicior
895 809 1013 846 quam
1036 795 1141 834 mihi.
1202 794 1358 833 Deinde
1385 795 1461 832 hoc
1480 796 1520 827 81

132 865 185 903 ita
223 865 265 903 fit
304 872 345 902 ut
384 863 453 901 viri
493 864 622 910 sortes,
657 862 773 901 etiam
817 862 847 901 si
886 863 986 901 ferro
1025 861 1124 900 inter
1162 874 1203 899 se
1241 859 1462 899 comminus

132 929 379 977 decertarint,
400 936 533 967 tamen
561 928 657 967 illud
678 927 943 967 contentionis
964 926 1101 966 odium
1129 926 1244 964 simul
1265 939 1354 964 curn
1382 924 1464 975 ipsa

134 1008 265 1045 pugna
298 993 495 1044 armisque
530 994 744 1044 deponant.
805 994 946 1042 Neque
981 1005 1044 1030 me
1077 991 1141 1030 ille
1172 991 1304 1029 odisse
1338 988 1465 1040 potuit

134 1072 333 1109 umquam,
357 1072 407 1097 ne
437 1067 519 1097 tum
550 1058 711 1108 quidem
742 1071 831 1096 cum
862 1056 1163 1096 dissidebamus.
1225 1056 1359 1093 Habet
1389 1056 1465 1092 lioc

77 1140 113 1172 15
136 1126 264 1173 virtus,
296 1139 414 1176 quam
450 1133 490 1163 tu
525 1138 574 1163 ne
607 1126 658 1163 de
691 1123 787 1162 facie
817 1123 978 1173 quidem
1010 1122 1123 1169 nosti,
1156 1129 1196 1159 ut
1227 1121 1326 1159 viros
1357 1119 1464 1158 fortis

135 1192 284 1243 species
306 1192 388 1231 eius
410 1199 447 1230 et
468 1190 720 1242 pulchritudo
742 1190 858 1228 etiarn
881 1189 919 1227 in
941 1190 1055 1227 hoste
1076 1187 1201 1238 posita
1223 1188 1403 1225 delectet.

190 1257 385 1307 Equidem
409 1256 539 1295 dicam
561 1269 607 1294 ex
631 1255 775 1301 animo,
800 1262 926 1305 patres
948 1252 1170 1302 conscripti,
1193 1252 1302 1301 quod
1323 1250 1459 1296 sentio,
1481 1255 1532 1292 33

135 1330 172 1361 et
194 1324 302 1373 quod
319 1321 430 1360 vobis
451 1319 702 1360 audientibus
724 1333 840 1369 saepe
862 1319 937 1357 iam
954 1318 1044 1357 dixi.
1080 1317 1118 1356 Si
1135 1316 1230 1355 mihi
1247 1329 1462 1366 numquam

136 1388 286 1425 amicus
316 1388 360 1426 C.
385 1387 530 1426 Caesar
560 1384 704 1431 fuisset,
729 1384 759 1423 si
788 1398 942 1433 semper
964 1383 1095 1430 iratus,
1116 1381 1147 1420 si
1169 1395 1322 1431 semper
1341 1394 1467 1431 asper-

78 1469 119 1490 20
139 1460 293 1491 naretur
313 1451 524 1489 amicitiam
553 1463 681 1488 meam
709 1462 830 1499 seque
860 1448 953 1486 mihi
981 1446 1268 1497 implacabilem
1298 1446 1466 1496 inexpia-

138 1517 338 1566 bilemque
378 1516 590 1565 praeberet,
634 1522 765 1553 tamen
805 1514 851 1561 ei,
893 1526 982 1551 cum
1024 1520 1150 1550 tantas
1191 1524 1250 1549 res
1288 1510 1468 1560 gessisset

137 1589 364 1632 gereretque
385 1580 541 1626 cotidie,
566 1592 645 1617 non
668 1578 817 1617 amicus
840 1591 924 1616 esse
944 1591 1025 1616 non
1047 1589 1230 1627 possem,
1259 1575 1369 1614 cuius
1397 1588 1469 1624 ego

138 1646 355 1697 imperium,
398 1658 479 1683 non
523 1644 682 1694 Alpium
725 1645 868 1681 vallum
920 1650 1055 1681 contra
1100 1654 1306 1680 ascensum
1351 1647 1468 1678 trans—

137 1711 457 1761 gressionemque
488 1710 707 1756 Gallorum,
728 1722 807 1746 non
832 1707 962 1746 Rheni
992 1708 1135 1745 fossam
1160 1705 1375 1755 gurgitibus
1396 1704 1469 1743 illis

80 1790 118 1822 25
138 1776 425 1814 redundantem
467 1775 753 1811 Germanorum
797 1771 1088 1810 immanissimis
1123 1770 1305 1820 gentibus
1340 1768 1470 1807 obicio

139 1849 176 1879 et
210 1853 395 1890 oppon03
426 1837 587 1888 perfecit
620 1837 683 1875 ille
716 1845 770 1884 ut,
805 1836 835 1874 si
878 1844 1031 1874 montes
1066 1834 1310 1880 resedissent,
1334 1846 1470 1872 amnes
1490 1841 1528 1872 82

139 1904 388 1950 exaruissent,
412 1916 492 1941 non
516 1910 675 1940 naturae
697 1901 892 1951 praesidio
915 1902 984 1939 sed
1005 1899 1166 1938 victoria
1185 1912 1255 1938 sua
1274 1899 1469 1947 rebusque

139 1969 255 2019 gestis
287 1967 441 2006 Italiam
474 1966 664 2004 munitam
694 1966 938 2004 haberemus.
1002 1965 1078 2003 Sed
1104 1977 1192 2002 cum
1219 1976 1282 2001 me
1303 1970 1470 2012 expetat,

188 2083 199 2102 1
227 2076 365 2102 senatus
382 2070 430 2101 P:
455 2069 587 2100 senatui
602 2071 670 2099 cett.
818 2069 839 2097 6
863 2068 900 2098 C.
923 2068 1101 2099 Caesarem
1119 2066 1177 2097 del.
1198 2066 1288 2097 Bake
1449 2075 1471 2104 9

140 2117 269 2147 amicus
286 2114 346 2145 suit
370 2113 468 2143 PEe:
494 2113 554 2143 suit
571 2113 698 2143 amicus
715 2111 792 2151 φςι
817 2111 879 2141 suit
900 2111 995 2151 gsavit
1012 2111 1079 2151 Mssj
1101 2114 1164 2142 cett.
1345 2118 1384 2139 10
1407 2108 1470 2138 sibi

141 2158 320 2198 aliquando
335 2155 404 2195 PX²
420 2169 425 2187 :
450 2156 632 2195 aliquando
645 2155 706 2186 sibi
727 2158 790 2185 cett.
938 2165 975 2194 13
1001 2156 1171 2194 deponant
1189 2153 1240 2183 P:
1264 2156 1387 2192 ponant
1406 2155 1470 2182 cett.

142 2213 251 2241 neque
269 2200 364 2231 PEe:
390 2205 490 2239 atque
502 2202 565 2229 cett.
740 2199 847 2238 potuit
867 2208 1022 2237 umquam
1041 2198 1092 2228 P:
1118 2206 1299 2236 numquam
1319 2202 1402 2234 tum·
1420 2194 1469 2232 E)

142 2246 249 2285 potuit
267 2247 329 2275 cett.
446 2253 482 2281 14
507 2242 569 2273 hoc
586 2241 687 2272 habet
705 2241 737 2272 E
827 2251 865 2282 19
891 2241 1007 2272 fuisset
1025 2242 1050 2272 si
1069 2240 1146 2271 PEe
1162 2252 1168 2270 z
1194 2240 1310 2270 suisset
1327 2239 1387 2269 sed
1405 2240 1468 2270 cett.

142 2298 278 2327 semper
296 2289 385 2327 ((ιιιτι4
400 2286 550 2325 aspern.)
569 2284 620 2315 P:
644 2296 709 2316 om.
730 2288 793 2315 cett.
976 2295 1018 2316 20
1043 2295 1146 2324 seque
1165 2283 1217 2313 P:
1242 2292 1384 2320 seseque
1402 2284 1466 2311 cett.

96 2366 99 2370 ,
144 2342 184 2372 23
209 2332 386 2371 imperium
398 2330 475 2369 l'xl,
493 2329 679 2360 Lambinus
694 2339 700 2359 τ
727 2328 868 2368 imperio
886 2331 950 2360 cett.
1050 2329 1091 2358 26
1117 2328 1315 2358 residissem
1326 2323 1469 2363 Equff
