1747 2620
212 131 263 157 22
280 135 324 169 53
652 122 707 158 M.
739 121 908 157 TVLLI
940 119 1245 157 CICERONIS

278 246 357 282 qua
376 231 527 270 veneris
557 244 648 269 cum
678 229 858 269 laureatis
886 230 961 268 tuis
991 229 1191 268 lictoribus
1221 228 1308 279 quis
1338 228 1439 267 scit?
1496 230 1607 277 Quos

278 305 319 335 tu
356 297 606 343 Maeandros,
644 297 738 334 dum
779 294 907 334 omnis
947 293 1177 332 solitudines
1217 293 1469 344 persequeris,
1507 306 1608 342 quae

277 360 516 399 deverticula
555 360 823 410 flexionesque
863 358 1079 409 quaesisti?
1122 359 1230 408 quod
1270 365 1307 396 te
1347 357 1606 408 municipium

277 426 385 473 vidit,
418 426 504 475 quis
534 425 683 464 amicus
714 424 901 472 invitavit,
935 424 1022 475 quis
1052 426 1197 475 hospes
1226 423 1404 474 aspexit?
1462 425 1608 461 Nonne

277 491 346 529 tibi
374 506 450 529 nox
477 498 557 529 erat
589 505 658 540 pro
685 490 759 536 die,
784 489 955 528 solitudo
985 503 1055 540 pro
1080 488 1308 538 frequentia,
1332 501 1512 538 caupona
1540 501 1608 537 pro

277 557 437 607 oppido,
462 570 541 594 non
573 564 613 593 ut
646 555 769 593 redire
795 569 841 593 ex
870 554 1109 593 Macedonia
1139 553 1281 592 nobilis
1302 553 1512 603 imperator
1538 554 1608 591 sed

206 632 257 668 23
278 630 320 661 ut
350 630 526 660 mortuus
549 620 704 658 infamis
727 619 856 659 referri
879 619 1107 658 videretur?
1165 620 1336 657 Romam
1358 632 1449 656 vero
1468 617 1608 668 ipsam,

277 701 301 726 o
336 687 504 726 familiae
539 701 620 725 non
660 686 791 724 dicam
823 685 1060 736 Calpurniae
1100 685 1169 723 sed
1209 683 1448 731 Caluentiae,
1479 697 1608 733 neque

277 752 392 791 huius
414 752 520 790 urbis
548 753 618 790 sed
648 750 866 790 Placentini
894 750 1094 801 municipi,
1118 764 1248 800 neque
1275 749 1425 800 paterni
1454 749 1608 799 generis

277 819 347 857 sed
378 819 559 857 bracatae
596 817 842 868 cognationis
877 818 1074 855 dedecus!
1116 830 1234 867 quem
1268 817 1320 855 ad
1354 817 1518 855 modum
1553 816 1608 854 in-

276 897 429 933 gressus
459 885 533 921 es?
567 884 654 933 quis
685 882 755 921 tibi
787 896 867 921 non
901 881 1031 921 dicam
1062 883 1202 920 horum
1234 889 1302 919 aut
1334 880 1477 919 civium
1508 889 1609 920 cete-

217 962 257 993 54
278 962 408 987 rorum
430 949 499 987 sed
528 956 684 986 tuorum
707 949 923 998 legatorum
946 946 1104 985 obviam
1125 946 1260 985 venit?
1318 947 1481 984 Mecum
1502 946 1608 985 enim

279 1017 321 1053 L.
341 1016 516 1062 Flaccus,
542 1014 598 1052 vir
626 1022 693 1052 tua
726 1013 921 1063 legatione
953 1012 1248 1062 indignissimus
1282 1019 1400 1062 atque
1431 1011 1485 1050 eis
1518 1026 1610 1051 con-

277 1080 371 1119 siliis
405 1080 549 1131 quibus
579 1093 733 1118 mecum
766 1079 805 1117 in
837 1080 1042 1117 consulatu
1076 1092 1165 1116 meo
1191 1077 1426 1116 coniunctus
1454 1077 1524 1116 fuit
1555 1079 1608 1115 ad

277 1147 587 1184 conservandam
634 1159 714 1183 rem
756 1144 955 1195 publicam
1001 1143 1165 1193 dignior,
1207 1157 1363 1182 mecum
1406 1144 1477 1181 fuit
1524 1150 1608 1180 tum

277 1224 367 1248 cum
398 1218 436 1249 te
466 1210 628 1260 quidam
652 1224 731 1249 non
758 1212 874 1259 longe
904 1223 927 1247 a
953 1216 1065 1259 porta
1085 1222 1175 1246 cum
1193 1208 1393 1247 lictoribus
1415 1216 1608 1247 errantem

277 1275 403 1314 visum
426 1290 510 1315 esse
531 1283 727 1323 narraretg
758 1275 839 1313 scio
860 1275 953 1313 item
976 1274 1098 1312 virum
1128 1275 1265 1312 fortem
1288 1273 1327 1311 in
1349 1273 1497 1324 primis,
1517 1273 1609 1313 belli

277 1354 324 1379 ac
358 1340 411 1379 rei
444 1340 618 1379 militaris
650 1340 830 1390 peritum,
867 1339 1097 1378 familiarem
1137 1353 1285 1386 meum,
1320 1340 1368 1388 Q.
1400 1338 1607 1385 Marcium,

279 1420 447 1457 quorum
484 1414 524 1444 tu
563 1407 780 1456 legatorum
815 1419 935 1455 opera
973 1404 1013 1442 in
1051 1404 1200 1455 proelio
1235 1404 1444 1453 imperator
1482 1405 1610 1455 appel-

280 1474 380 1511 latus
419 1486 502 1511 eras
543 1486 633 1510 cum
675 1473 790 1521 longe
838 1470 1013 1518 afuisse5‚
1054 1471 1226 1509 adventu
1273 1469 1348 1508 isto
1394 1477 1462 1508 tuo
1501 1469 1610 1508 domi

219 1553 259 1585 55
281 1537 399 1577 fuisse
430 1537 613 1577 otiosum.
688 1538 766 1576 Sed
797 1536 893 1587 quid
927 1550 999 1586 ego
1033 1550 1221 1575 enumero
1252 1535 1319 1586 qui
1352 1535 1420 1574 tibi
1452 1535 1609 1574 obviam

280 1618 361 1643 non
393 1603 599 1643 venerint?
645 1602 740 1654 quin
777 1602 867 1641 dico
903 1602 1056 1640 venisse
1092 1615 1217 1652 paene
1247 1600 1445 1639 neminem
1482 1615 1531 1639 nc
1561 1603 1611 1640 de

280 1670 566 1709 officiosissima
605 1669 767 1719 quidem
818 1669 976 1707 natione
1017 1669 1328 1714 candidatorum,
1371 1681 1459 1705 cum
1496 1669 1610 1717 volgo

281 1744 410 1775 essent
432 1744 469 1775 et
492 1735 557 1773 illo
580 1734 665 1785 ipso
687 1742 725 1773 et
747 1734 879 1772 multis
896 1742 988 1772 ante
1014 1726 1153 1772 diebus
1185 1731 1376 1770 admoniti
1399 1740 1435 1770 et
1458 1731 1611 1781 rogati?

281 1803 459 1851 Togulae
487 1800 690 1839 lictoribus
720 1802 772 1839 ad
803 1807 955 1850 portam
989 1806 1144 1849 praesto
1176 1800 1357 1846 fuerunt3
1388 1797 1530 1847 quibus
1558 1797 1610 1835 illi
1633 1811 1646 1832 2

280 1868 452 1918 acceptis
474 1868 608 1917 sagula
630 1866 859 1913 reiecerunt,
887 1873 1081 1904 catervam
1114 1863 1336 1914 imperatori
1367 1877 1438 1901 suo
1468 1877 1610 1901 novam

281 1934 556 1985 praebuerunt.
615 1932 678 1970 Sic
715 1932 786 1971 iste
819 1947 840 1971 a
872 1940 982 1971 tanto
1018 1930 1188 1970 exercitu
1224 1937 1353 1968 tantae
1388 1928 1611 1979 provinciae

282 1997 449 2037 triennio
471 2005 559 2048 post
582 1998 869 2036 Macedonicus
895 1998 1104 2048 imperator
1128 1997 1167 2034 in
1194 1995 1331 2034 urbem
1353 2008 1393 2033 se
1414 1993 1542 2032 intulit
1569 2002 1611 2032 ut

329 2115 342 2135 1
369 2103 442 2142 quis
463 2102 508 2133 V:
534 2103 589 2143 qui
609 2107 674 2134 cell.
808 2113 826 2133 2
850 2114 935 2142 quac
953 2113 1017 2133 0111.
1042 2102 1072 2131 V
1195 2109 1213 2138 5
1238 2100 1292 2130 die
1315 2099 1360 2129 V:
1387 2099 1440 2130 die
1458 2110 1523 2130 non
1541 2103 1607 2130 cell.

284 2158 300 2187 7
326 2147 438 2178 effcrri
456 2146 508 2176 Μ2
584 2149 690 2187 ipsam
710 2147 874 2177 ⁴·I1'11s1‘a11.
892 2147 935 2177 K.
951 2146 1080 2183 vii.483
1098 2157 1104 2175 :
1129 2143 1276 2174 foedavit
1296 2144 1376 2182 (0111.
1400 2143 1545 2173 foedavit
1566 2142 1607 2173 V)

281 2192 445 2222 adventus
478 2195 555 2222 tuus
587 2190 662 2221 add.
696 2190 783 2221 codd.
930 2192 950 2220 8
976 2200 995 2220 o
1026 2200 1091 2219 0111.
1125 2187 1169 2217 V¹
1308 2196 1346 2217 10
1371 2187 1544 2225 ingressus
1572 2197 1609 2217 es

282 2234 446 2265 “Irusimt.
465 2246 471 2264 :
496 2234 615 2265 venisti
633 2233 720 2265 codd.
848 2243 884 2263 12
909 2233 997 2263 enim
1020 2233 1064 2262 V:
1092 2232 1180 2261 enim
1201 2235 1269 2261 tum
1286 2233 1350 2261 cell.
1471 2240 1507 2269 17
1534 2239 1605 2260 nar-

283 2283 371 2309 raret
393 2278 441 2308 V:
466 2279 623 2310 narrabat
641 2281 704 2308 cclt.
832 2288 870 2317 19
894 2287 996 2316 opera
1014 2277 1045 2306 in
1069 2276 1112 2305 V:
1137 2285 1204 2305 om.
1223 2277 1288 2305 cell.
1442 2283 1484 2304 20
1508 2273 1607 2312 longe

282 2321 426 2352 al'uisses
449 2321 498 2353 V:
524 2333 591 2352 non
618 2321 719 2360 longe
744 2320 907 2351 absuisscs
931 2320 1002 2359 (ass-
1023 2320 1077 2361 cx)
1097 2322 1160 2350 cell.
1347 2328 1387 2347 22
1413 2317 1491 2355 quin
1507 2317 1608 2357 Jeep:

282 2366 334 2395 cni
360 2365 408 2395 V:
434 2367 488 2405 qui
507 2369 570 2397 cell.
696 2376 735 2401 24
761 2370 793 2395 ct
810 2365 884 2404 ipso
902 2365 958 2394 illo
983 2364 1012 2392 l·⁷
1089 2362 1248 2393 admoniti
1270 2386 1275 2391 .
1297 2385 1303 2391 .
1326 2384 1331 2391 .
1352 2361 1522 2391 lictoribus
1540 2371 1605 2391 0111.

287 2407 319 2438 V
470 2411 511 2440 26
534 2414 700 2439 catervam
724 2409 754 2438 1⁷
774 2420 778 2438 z
813 2414 845 2438 ct
869 2413 1033 2438 catervam
1053 2411 1116 2438 (cll.
1273 2415 1312 2444 :27
1337 2415 1355 2435 a
1376 2403 1426 2435 V:
1457 2414 1521 2436 0111.
1541 2407 1605 2435 ccll.

283 2457 397 2485 tantae
416 2453 608 2493 provinciae
629 2452 680 2482 V:
704 2457 796 2483 tanta
815 2452 984 2491 provincia
1001 2455 1067 2483 cell.

1629 503 1647 534 5

1631 831 1668 853 10

1631 1156 1668 1189 Ι5

1632 1486 1671 1507 20
