<?xml version="1.0" encoding="UTF-8"?>
<!DOCTYPE html PUBLIC "-//W3C//DTD XHTML 1.0 Transitional//EN"
    "http://www.w3.org/TR/xhtml1/DTD/xhtml1-transitional.dtd">
<html xmlns="http://www.w3.org/1999/xhtml" xml:lang="en" lang="en">
 <head>
  <title>
</title>
<meta http-equiv="Content-Type" content="text/html;charset=utf-8" />
  <meta name='ocr-system' content='tesseract 3.04.00' />
  <meta name='ocr-capabilities' content='ocr_page ocr_carea ocr_par ocr_line ocrx_word'/>
</head>
<body>
  <div class='ocr_page' id='page_1' title='image "./orationesrecogno04ciceuoft/orationesrecogno04ciceuoft_0216.png"; bbox 0 0 1747 2620; ppageno 0'>
   <div class='ocr_carea' id='block_1_1' title="bbox 163 89 1200 140">
    <p class='ocr_par' dir='ltr' id='par_1_1' title="bbox 163 89 1200 140">
     <span class='ocr_line' id='line_1_1' title="bbox 163 89 1200 140; baseline -0.004 -9"><span class='ocrx_word' id='word_1_1' title='bbox 163 102 210 131; x_wconf 84' lang='lat'>10</span> <span class='ocrx_word' id='word_1_2' title='bbox 232 108 271 140; x_wconf 85' lang='lat'>29</span> <span class='ocrx_word' id='word_1_3' title='bbox 603 92 660 130; x_wconf 87' lang='lat' dir='ltr'>M.</span> <span class='ocrx_word' id='word_1_4' title='bbox 691 92 859 128; x_wconf 81' lang='lat' dir='ltr'>TVLLI</span> <span class='ocrx_word' id='word_1_5' title='bbox 892 89 1200 128; x_wconf 87' lang='lat' dir='ltr'>CICERONIS</span> 
     </span>
    </p>
   </div>
   <div class='ocr_carea' id='block_1_2' title="bbox 168 199 1571 255">
    <p class='ocr_par' dir='ltr' id='par_1_2' title="bbox 168 199 1571 255">
     <span class='ocr_line' id='line_1_2' title="bbox 168 199 1571 255; baseline -0.004 -11"><span class='ocrx_word' id='word_1_6' title='bbox 168 219 210 252; x_wconf 81' lang='lat'>30</span> <span class='ocrx_word' id='word_1_7' title='bbox 229 203 512 255; x_wconf 88' lang='lat' dir='ltr'>sempiternum</span> <span class='ocrx_word' id='word_1_8' title='bbox 556 210 732 253; x_wconf 87' lang='lat' dir='ltr'>spectare</span> <span class='ocrx_word' id='word_1_9' title='bbox 769 200 960 240; x_wconf 83' lang='lat' dir='ltr'>videatur.</span> <span class='ocrx_word' id='word_1_10' title='bbox 1020 201 1273 250; x_wconf 84' lang='lat' dir='ltr'>Quapropter</span> <span class='ocrx_word' id='word_1_11' title='bbox 1311 199 1498 251; x_wconf 84' lang='lat' dir='ltr'>equidem</span> <span class='ocrx_word' id='word_1_12' title='bbox 1531 207 1571 239; x_wconf 89' lang='lat' dir='ltr'>et</span> 
     </span>
    </p>
   </div>
   <div class='ocr_carea' id='block_1_3' title="bbox 230 265 1575 775">
    <p class='ocr_par' dir='ltr' id='par_1_3' title="bbox 230 265 1575 775">
     <span class='ocr_line' id='line_1_3' title="bbox 230 265 1573 316; baseline -0.004 -7"><span class='ocrx_word' id='word_1_13' title='bbox 230 271 275 311; x_wconf 92' lang='lat' dir='ltr'>C.</span> <span class='ocrx_word' id='word_1_14' title='bbox 300 270 401 308; x_wconf 89' lang='lat' dir='ltr'>Mari</span> <span class='ocrx_word' id='word_1_15' title='bbox 423 277 461 308; x_wconf 89' lang='lat' dir='ltr'>et</span> <span class='ocrx_word' id='word_1_16' title='bbox 494 277 714 308; x_wconf 87' lang='lat' dir='ltr'>ceterorum</span> <span class='ocrx_word' id='word_1_17' title='bbox 747 267 917 306; x_wconf 81' lang='lat' dir='ltr'>virorum</span> <span class='ocrx_word' id='word_1_18' title='bbox 939 265 1317 316; x_wconf 80' lang='lat' dir='ltr'>sapientissimorum</span> <span class='ocrx_word' id='word_1_19' title='bbox 1343 279 1389 304; x_wconf 90' lang='lat' dir='ltr'>ac</span> <span class='ocrx_word' id='word_1_20' title='bbox 1416 265 1573 304; x_wconf 87' lang='lat' dir='ltr'>fortissi-</span> 
     </span>
     <span class='ocr_line' id='line_1_4' title="bbox 231 329 1572 382; baseline -0.005 -7"><span class='ocrx_word' id='word_1_21' title='bbox 231 349 386 375; x_wconf 91' lang='lat' dir='ltr'>morum</span> <span class='ocrx_word' id='word_1_22' title='bbox 420 335 566 373; x_wconf 88' lang='lat' dir='ltr'>civium</span> <span class='ocrx_word' id='word_1_23' title='bbox 606 333 758 381; x_wconf 84' lang='lat' dir='ltr'>mentis,</span> <span class='ocrx_word' id='word_1_24' title='bbox 799 346 900 382; x_wconf 84' lang='lat' dir='ltr'>quae</span> <span class='ocrx_word' id='word_1_25' title='bbox 941 330 1036 369; x_wconf 89' lang='lat' dir='ltr'>mihi</span> <span class='ocrx_word' id='word_1_26' title='bbox 1068 330 1251 370; x_wconf 85' lang='lat' dir='ltr'>videntur</span> <span class='ocrx_word' id='word_1_27' title='bbox 1283 343 1330 369; x_wconf 86' lang='lat' dir='ltr'>ex</span> <span class='ocrx_word' id='word_1_28' title='bbox 1363 329 1572 368; x_wconf 88' lang='lat' dir='ltr'>hominum</span> 
     </span>
     <span class='ocr_line' id='line_1_5' title="bbox 230 395 1570 448; baseline -0.004 -9"><span class='ocrx_word' id='word_1_29' title='bbox 230 400 310 439; x_wconf 87' lang='lat' dir='ltr'>vita</span> <span class='ocrx_word' id='word_1_30' title='bbox 346 401 398 438; x_wconf 89' lang='lat' dir='ltr'>ad</span> <span class='ocrx_word' id='word_1_31' title='bbox 430 401 597 438; x_wconf 87' lang='lat' dir='ltr'>deorum</span> <span class='ocrx_word' id='word_1_32' title='bbox 642 398 870 448; x_wconf 77' lang='lat' dir='ltr'>religionem</span> <span class='ocrx_word' id='word_1_33' title='bbox 906 404 944 436; x_wconf 88' lang='lat' dir='ltr'>et</span> <span class='ocrx_word' id='word_1_34' title='bbox 980 395 1282 435; x_wconf 81' lang='lat' dir='ltr'>sanctimoniam</span> <span class='ocrx_word' id='word_1_35' title='bbox 1321 395 1570 445; x_wconf 82' lang='lat' dir='ltr'>demigrasse,</span> 
     </span>
     <span class='ocr_line' id='line_1_6' title="bbox 232 460 1573 514; baseline -0.004 -10"><span class='ocrx_word' id='word_1_36' title='bbox 232 472 352 504; x_wconf 93' lang='lat' dir='ltr'>testor</span> <span class='ocrx_word' id='word_1_37' title='bbox 381 478 445 503; x_wconf 90' lang='lat' dir='ltr'>me</span> <span class='ocrx_word' id='word_1_38' title='bbox 469 478 540 514; x_wconf 89' lang='lat' dir='ltr'>pro</span> <span class='ocrx_word' id='word_1_39' title='bbox 576 463 731 501; x_wconf 90' lang='lat' dir='ltr'>illorum</span> <span class='ocrx_word' id='word_1_40' title='bbox 762 464 876 510; x_wconf 87' lang='lat' dir='ltr'>fama,</span> <span class='ocrx_word' id='word_1_41' title='bbox 910 461 1041 512; x_wconf 88' lang='lat' dir='ltr'>gloria,</span> <span class='ocrx_word' id='word_1_42' title='bbox 1068 460 1259 499; x_wconf 88' lang='lat' dir='ltr'>memoria</span> <span class='ocrx_word' id='word_1_43' title='bbox 1284 474 1366 499; x_wconf 91' lang='lat' dir='ltr'>non</span> <span class='ocrx_word' id='word_1_44' title='bbox 1391 473 1503 499; x_wconf 90' lang='lat' dir='ltr'>secus</span> <span class='ocrx_word' id='word_1_45' title='bbox 1526 473 1573 498; x_wconf 90' lang='lat' dir='ltr'>ac</span> 
     </span>
     <span class='ocr_line' id='line_1_7' title="bbox 232 524 1574 582; baseline -0.005 -13"><span class='ocrx_word' id='word_1_46' title='bbox 232 544 302 582; x_wconf 90' lang='lat' dir='ltr'>pro</span> <span class='ocrx_word' id='word_1_47' title='bbox 323 529 455 580; x_wconf 88' lang='lat' dir='ltr'>patriis</span> <span class='ocrx_word' id='word_1_48' title='bbox 477 529 577 567; x_wconf 88' lang='lat' dir='ltr'>fanis</span> <span class='ocrx_word' id='word_1_49' title='bbox 602 537 721 578; x_wconf 86' lang='lat' dir='ltr'>atque</span> <span class='ocrx_word' id='word_1_50' title='bbox 743 527 917 567; x_wconf 91' lang='lat' dir='ltr'>delubris</span> <span class='ocrx_word' id='word_1_51' title='bbox 939 526 1272 577; x_wconf 86' lang='lat' dir='ltr'>propugnandum</span> <span class='ocrx_word' id='word_1_52' title='bbox 1293 533 1439 576; x_wconf 88' lang='lat' dir='ltr'>putare,</span> <span class='ocrx_word' id='word_1_53' title='bbox 1462 538 1519 573; x_wconf 85' lang='lat' dir='ltr'>ac,</span> <span class='ocrx_word' id='word_1_54' title='bbox 1542 524 1574 563; x_wconf 90' lang='lat' dir='ltr'>si</span> 
     </span>
     <span class='ocr_line' id='line_1_8' title="bbox 231 590 1574 647; baseline -0.005 -12"><span class='ocrx_word' id='word_1_55' title='bbox 231 610 302 647; x_wconf 91' lang='lat' dir='ltr'>pro</span> <span class='ocrx_word' id='word_1_56' title='bbox 333 596 489 634; x_wconf 86' lang='lat' dir='ltr'>illorum</span> <span class='ocrx_word' id='word_1_57' title='bbox 521 595 638 634; x_wconf 90' lang='lat' dir='ltr'>laude</span> <span class='ocrx_word' id='word_1_58' title='bbox 673 593 768 632; x_wconf 85' lang='lat' dir='ltr'>mihi</span> <span class='ocrx_word' id='word_1_59' title='bbox 798 606 905 632; x_wconf 88' lang='lat' dir='ltr'>arma</span> <span class='ocrx_word' id='word_1_60' title='bbox 938 591 1131 642; x_wconf 87' lang='lat' dir='ltr'>capienda</span> <span class='ocrx_word' id='word_1_61' title='bbox 1160 598 1302 638; x_wconf 86' lang='lat' dir='ltr'>essent,</span> <span class='ocrx_word' id='word_1_62' title='bbox 1332 604 1415 629; x_wconf 90' lang='lat' dir='ltr'>non</span> <span class='ocrx_word' id='word_1_63' title='bbox 1444 590 1574 628; x_wconf 89' lang='lat' dir='ltr'>minus</span> 
     </span>
     <span class='ocr_line' id='line_1_9' title="bbox 232 656 1572 711; baseline -0.005 -11"><span class='ocrx_word' id='word_1_64' title='bbox 232 670 389 700; x_wconf 87' lang='lat' dir='ltr'>strenue</span> <span class='ocrx_word' id='word_1_65' title='bbox 420 674 613 711; x_wconf 88' lang='lat' dir='ltr'>caperem,</span> <span class='ocrx_word' id='word_1_66' title='bbox 651 673 770 710; x_wconf 83' lang='lat' dir='ltr'>quam</span> <span class='ocrx_word' id='word_1_67' title='bbox 800 658 854 696; x_wconf 92' lang='lat' dir='ltr'>illi</span> <span class='ocrx_word' id='word_1_68' title='bbox 886 672 955 709; x_wconf 90' lang='lat' dir='ltr'>pro</span> <span class='ocrx_word' id='word_1_69' title='bbox 985 656 1189 696; x_wconf 85' lang='lat' dir='ltr'>communi</span> <span class='ocrx_word' id='word_1_70' title='bbox 1219 658 1344 695; x_wconf 85' lang='lat' dir='ltr'>salute</span> <span class='ocrx_word' id='word_1_71' title='bbox 1372 665 1572 707; x_wconf 89' lang='lat' dir='ltr'>ceperunt.</span> 
     </span>
     <span class='ocr_line' id='line_1_10' title="bbox 235 722 1575 775; baseline -0.005 -9"><span class='ocrx_word' id='word_1_72' title='bbox 235 727 404 774; x_wconf 86' lang='lat' dir='ltr'>Etenim,</span> <span class='ocrx_word' id='word_1_73' title='bbox 444 726 629 775; x_wconf 78' lang='lat' dir='ltr'>QuiriteS‚</span> <span class='ocrx_word' id='word_1_74' title='bbox 669 725 852 775; x_wconf 80' lang='lat' dir='ltr'>exiguum</span> <span class='ocrx_word' id='word_1_75' title='bbox 886 723 1001 762; x_wconf 91' lang='lat' dir='ltr'>nobis</span> <span class='ocrx_word' id='word_1_76' title='bbox 1032 722 1134 762; x_wconf 84' lang='lat' dir='ltr'>vitae</span> <span class='ocrx_word' id='word_1_77' title='bbox 1167 722 1402 761; x_wconf 87' lang='lat' dir='ltr'>curriculum</span> <span class='ocrx_word' id='word_1_78' title='bbox 1436 730 1575 761; x_wconf 85' lang='lat' dir='ltr'>natura</span> 
     </span>
    </p>
   </div>
   <div class='ocr_carea' id='block_1_4' title="bbox 179 788 1574 843">
    <p class='ocr_par' dir='ltr' id='par_1_4' title="bbox 179 788 1574 843">
     <span class='ocr_line' id='line_1_11' title="bbox 179 788 1574 843; baseline -0.004 -11"><span class='ocrx_word' id='word_1_79' title='bbox 179 806 214 832; x_wconf 91' lang='lat'>11</span> <span class='ocrx_word' id='word_1_80' title='bbox 234 792 552 843; x_wconf 83' lang='lat' dir='ltr'>circumscripsit,</span> <span class='ocrx_word' id='word_1_81' title='bbox 576 792 814 830; x_wconf 89' lang='lat' dir='ltr'>immensum</span> <span class='ocrx_word' id='word_1_82' title='bbox 839 790 994 841; x_wconf 88' lang='lat' dir='ltr'>gloriae.</span> <span class='ocrx_word' id='word_1_83' title='bbox 1057 790 1148 838; x_wconf 87' lang='lat' dir='ltr'>Qua</span> <span class='ocrx_word' id='word_1_84' title='bbox 1171 802 1222 835; x_wconf 90' lang='lat' dir='ltr'>re,</span> <span class='ocrx_word' id='word_1_85' title='bbox 1251 788 1281 827; x_wconf 92' lang='lat' dir='ltr'>si</span> <span class='ocrx_word' id='word_1_86' title='bbox 1306 802 1374 827; x_wconf 90' lang='lat' dir='ltr'>eos</span> <span class='ocrx_word' id='word_1_87' title='bbox 1400 788 1466 839; x_wconf 88' lang='lat' dir='ltr'>qui</span> <span class='ocrx_word' id='word_1_88' title='bbox 1496 788 1574 826; x_wconf 91' lang='lat' dir='ltr'>iam</span> 
     </span>
    </p>
   </div>
   <div class='ocr_carea' id='block_1_5' title="bbox 174 1068 211 1100">
    <p class='ocr_par' dir='ltr' id='par_1_5' title="bbox 174 1068 211 1100">
     <span class='ocr_line' id='line_1_12' title="bbox 174 1068 211 1100; baseline 0 -11"><span class='ocrx_word' id='word_1_89' title='bbox 174 1068 211 1100; x_wconf 74' lang='lat'>31</span> 
     </span>
    </p>
   </div>
   <div class='ocr_carea' id='block_1_6' title="bbox 233 853 1578 1886">
    <p class='ocr_par' dir='ltr' id='par_1_6' title="bbox 233 853 1578 1886">
     <span class='ocr_line' id='line_1_13' title="bbox 233 853 1575 903; baseline -0.004 -5"><span class='ocrx_word' id='word_1_90' title='bbox 233 861 284 898; x_wconf 90' lang='lat' dir='ltr'>de</span> <span class='ocrx_word' id='word_1_91' title='bbox 330 858 409 897; x_wconf 78' lang='lat' dir='ltr'>vita</span> <span class='ocrx_word' id='word_1_92' title='bbox 450 859 704 897; x_wconf 89' lang='lat' dir='ltr'>decesserunt</span> <span class='ocrx_word' id='word_1_93' title='bbox 751 856 991 903; x_wconf 90' lang='lat' dir='ltr'>ornabimus‚</span> <span class='ocrx_word' id='word_1_94' title='bbox 1037 854 1239 893; x_wconf 86' lang='lat' dir='ltr'>iustiorem</span> <span class='ocrx_word' id='word_1_95' title='bbox 1280 854 1396 892; x_wconf 89' lang='lat' dir='ltr'>nobis</span> <span class='ocrx_word' id='word_1_96' title='bbox 1437 853 1575 893; x_wconf 85' lang='lat' dir='ltr'>mortis</span> 
     </span>
     <span class='ocr_line' id='line_1_14' title="bbox 234 919 1576 973; baseline -0.005 -10"><span class='ocrx_word' id='word_1_97' title='bbox 234 924 513 963; x_wconf 86' lang='lat' dir='ltr'>condicionem</span> <span class='ocrx_word' id='word_1_98' title='bbox 560 923 838 973; x_wconf 84' lang='lat' dir='ltr'>relinquemus.</span> <span class='ocrx_word' id='word_1_99' title='bbox 913 922 992 960; x_wconf 89' lang='lat' dir='ltr'>Sed</span> <span class='ocrx_word' id='word_1_100' title='bbox 1035 920 1067 959; x_wconf 91' lang='lat' dir='ltr'>si</span> <span class='ocrx_word' id='word_1_101' title='bbox 1109 920 1208 967; x_wconf 82' lang='lat' dir='ltr'>illos,</span> <span class='ocrx_word' id='word_1_102' title='bbox 1250 919 1435 967; x_wconf 82' lang='lat' dir='ltr'>Labiene,</span> <span class='ocrx_word' id='word_1_103' title='bbox 1476 932 1576 969; x_wconf 89' lang='lat' dir='ltr'>quos</span> 
     </span>
     <span class='ocr_line' id='line_1_15' title="bbox 235 985 1576 1040; baseline -0.004 -12"><span class='ocrx_word' id='word_1_104' title='bbox 235 990 313 1028; x_wconf 88' lang='lat' dir='ltr'>iam</span> <span class='ocrx_word' id='word_1_105' title='bbox 347 989 480 1029; x_wconf 89' lang='lat' dir='ltr'>videre</span> <span class='ocrx_word' id='word_1_106' title='bbox 518 1003 598 1028; x_wconf 90' lang='lat' dir='ltr'>non</span> <span class='ocrx_word' id='word_1_107' title='bbox 633 1002 843 1040; x_wconf 82' lang='lat' dir='ltr'>possumus</span> <span class='ocrx_word' id='word_1_108' title='bbox 881 986 1063 1038; x_wconf 80' lang='lat' dir='ltr'>neglegis,</span> <span class='ocrx_word' id='word_1_109' title='bbox 1098 1000 1148 1024; x_wconf 92' lang='lat' dir='ltr'>ne</span> <span class='ocrx_word' id='word_1_110' title='bbox 1187 985 1247 1023; x_wconf 91' lang='lat' dir='ltr'>his</span> <span class='ocrx_word' id='word_1_111' title='bbox 1282 985 1443 1036; x_wconf 87' lang='lat' dir='ltr'>quidem</span> <span class='ocrx_word' id='word_1_112' title='bbox 1475 998 1576 1035; x_wconf 83' lang='lat' dir='ltr'>quos</span> 
     </span>
     <span class='ocr_line' id='line_1_16' title="bbox 235 1049 1574 1105; baseline -0.005 -11"><span class='ocrx_word' id='word_1_113' title='bbox 235 1055 344 1094; x_wconf 88' lang='lat' dir='ltr'>vides</span> <span class='ocrx_word' id='word_1_114' title='bbox 379 1054 530 1094; x_wconf 88' lang='lat' dir='ltr'>consuli</span> <span class='ocrx_word' id='word_1_115' title='bbox 559 1062 673 1105; x_wconf 89' lang='lat' dir='ltr'>putas</span> <span class='ocrx_word' id='word_1_116' title='bbox 706 1055 917 1104; x_wconf 84' lang='lat' dir='ltr'>oportere?</span> <span class='ocrx_word' id='word_1_117' title='bbox 976 1050 1190 1090; x_wconf 89' lang='lat' dir='ltr'>Neminem</span> <span class='ocrx_word' id='word_1_118' title='bbox 1215 1064 1301 1089; x_wconf 88' lang='lat' dir='ltr'>esse</span> <span class='ocrx_word' id='word_1_119' title='bbox 1324 1050 1415 1088; x_wconf 93' lang='lat' dir='ltr'>dico</span> <span class='ocrx_word' id='word_1_120' title='bbox 1442 1064 1488 1088; x_wconf 84' lang='lat' dir='ltr'>ex</span> <span class='ocrx_word' id='word_1_121' title='bbox 1514 1049 1574 1088; x_wconf 88' lang='lat' dir='ltr'>his</span> 
     </span>
     <span class='ocr_line' id='line_1_17' title="bbox 236 1114 1576 1171; baseline -0.005 -12"><span class='ocrx_word' id='word_1_122' title='bbox 236 1121 435 1168; x_wconf 85' lang='lat' dir='ltr'>omnibus,</span> <span class='ocrx_word' id='word_1_123' title='bbox 469 1119 537 1171; x_wconf 86' lang='lat' dir='ltr'>qui</span> <span class='ocrx_word' id='word_1_124' title='bbox 576 1120 643 1159; x_wconf 91' lang='lat' dir='ltr'>illo</span> <span class='ocrx_word' id='word_1_125' title='bbox 683 1119 748 1158; x_wconf 90' lang='lat' dir='ltr'>die</span> <span class='ocrx_word' id='word_1_126' title='bbox 791 1121 945 1156; x_wconf 86' lang='lat' dir='ltr'>Romae</span> <span class='ocrx_word' id='word_1_127' title='bbox 984 1117 1109 1164; x_wconf 87' lang='lat' dir='ltr'>fuerit,</span> <span class='ocrx_word' id='word_1_128' title='bbox 1148 1130 1268 1166; x_wconf 87' lang='lat' dir='ltr'>quem</span> <span class='ocrx_word' id='word_1_129' title='bbox 1311 1123 1352 1154; x_wconf 87' lang='lat' dir='ltr'>tu</span> <span class='ocrx_word' id='word_1_130' title='bbox 1391 1115 1497 1159; x_wconf 87' lang='lat' dir='ltr'>diem</span> <span class='ocrx_word' id='word_1_131' title='bbox 1536 1114 1576 1152; x_wconf 90' lang='lat' dir='ltr'>in</span> 
     </span>
     <span class='ocr_line' id='line_1_18' title="bbox 235 1181 1574 1235; baseline -0.004 -11"><span class='ocrx_word' id='word_1_132' title='bbox 235 1185 425 1225; x_wconf 90' lang='lat' dir='ltr'>iudicium</span> <span class='ocrx_word' id='word_1_133' title='bbox 457 1198 586 1232; x_wconf 83' lang='lat' dir='ltr'>vocas,</span> <span class='ocrx_word' id='word_1_134' title='bbox 622 1186 828 1235; x_wconf 86' lang='lat' dir='ltr'>pubesque</span> <span class='ocrx_word' id='word_1_135' title='bbox 866 1191 950 1222; x_wconf 90' lang='lat' dir='ltr'>tum</span> <span class='ocrx_word' id='word_1_136' title='bbox 986 1181 1111 1229; x_wconf 87' lang='lat' dir='ltr'>fuerit,</span> <span class='ocrx_word' id='word_1_137' title='bbox 1145 1181 1240 1231; x_wconf 86' lang='lat' dir='ltr'>quin</span> <span class='ocrx_word' id='word_1_138' title='bbox 1275 1195 1383 1220; x_wconf 88' lang='lat' dir='ltr'>arma</span> <span class='ocrx_word' id='word_1_139' title='bbox 1416 1182 1574 1231; x_wconf 87' lang='lat' dir='ltr'>ceperit,</span> 
     </span>
     <span class='ocr_line' id='line_1_19' title="bbox 236 1247 1577 1302; baseline -0.004 -12"><span class='ocrx_word' id='word_1_140' title='bbox 236 1251 332 1302; x_wconf 90' lang='lat' dir='ltr'>quin</span> <span class='ocrx_word' id='word_1_141' title='bbox 359 1253 541 1290; x_wconf 87' lang='lat' dir='ltr'>consules</span> <span class='ocrx_word' id='word_1_142' title='bbox 572 1258 730 1289; x_wconf 90' lang='lat' dir='ltr'>secutus</span> <span class='ocrx_word' id='word_1_143' title='bbox 759 1249 819 1288; x_wconf 89' lang='lat' dir='ltr'>sit.</span> <span class='ocrx_word' id='word_1_144' title='bbox 882 1250 1032 1288; x_wconf 86' lang='lat' dir='ltr'>Omnes</span> <span class='ocrx_word' id='word_1_145' title='bbox 1059 1247 1093 1286; x_wconf 92' lang='lat' dir='ltr'>ei</span> <span class='ocrx_word' id='word_1_146' title='bbox 1115 1260 1282 1297; x_wconf 87' lang='lat' dir='ltr'>quorum</span> <span class='ocrx_word' id='word_1_147' title='bbox 1310 1254 1352 1285; x_wconf 89' lang='lat' dir='ltr'>tu</span> <span class='ocrx_word' id='word_1_148' title='bbox 1379 1260 1426 1286; x_wconf 83' lang='lat' dir='ltr'>ex</span> <span class='ocrx_word' id='word_1_149' title='bbox 1449 1254 1577 1285; x_wconf 86' lang='lat' dir='ltr'>aetate</span> 
     </span>
     <span class='ocr_line' id='line_1_20' title="bbox 235 1311 1576 1365; baseline -0.004 -10"><span class='ocrx_word' id='word_1_150' title='bbox 235 1316 503 1355; x_wconf 88' lang='lat' dir='ltr'>coniecturam</span> <span class='ocrx_word' id='word_1_151' title='bbox 532 1317 659 1354; x_wconf 89' lang='lat' dir='ltr'>facere</span> <span class='ocrx_word' id='word_1_152' title='bbox 690 1323 801 1365; x_wconf 88' lang='lat' dir='ltr'>potes</span> <span class='ocrx_word' id='word_1_153' title='bbox 834 1314 930 1364; x_wconf 87' lang='lat' dir='ltr'>quid</span> <span class='ocrx_word' id='word_1_154' title='bbox 961 1321 1045 1352; x_wconf 91' lang='lat' dir='ltr'>tum</span> <span class='ocrx_word' id='word_1_155' title='bbox 1080 1312 1242 1351; x_wconf 88' lang='lat' dir='ltr'>fecerint</span> <span class='ocrx_word' id='word_1_156' title='bbox 1270 1312 1341 1350; x_wconf 91' lang='lat' dir='ltr'>abs</span> <span class='ocrx_word' id='word_1_157' title='bbox 1370 1319 1409 1350; x_wconf 88' lang='lat' dir='ltr'>te</span> <span class='ocrx_word' id='word_1_158' title='bbox 1438 1311 1576 1363; x_wconf 88' lang='lat' dir='ltr'>capitis</span> 
     </span>
     <span class='ocr_line' id='line_1_21' title="bbox 237 1378 1573 1422; baseline -0.003 -2"><span class='ocrx_word' id='word_1_159' title='bbox 237 1383 281 1422; x_wconf 93' lang='lat' dir='ltr'>C.</span> <span class='ocrx_word' id='word_1_160' title='bbox 302 1381 437 1420; x_wconf 84' lang='lat' dir='ltr'>Rabiri</span> <span class='ocrx_word' id='word_1_161' title='bbox 460 1381 621 1420; x_wconf 91' lang='lat' dir='ltr'>nomine</span> <span class='ocrx_word' id='word_1_162' title='bbox 643 1380 821 1420; x_wconf 86' lang='lat' dir='ltr'>citantur.</span> <span class='ocrx_word' id='word_1_163' title='bbox 867 1382 920 1418; x_wconf 84' lang='lat' dir='ltr'>At</span> <span class='ocrx_word' id='word_1_164' title='bbox 942 1378 1087 1418; x_wconf 88' lang='lat' dir='ltr'>occidit</span> <span class='ocrx_word' id='word_1_165' title='bbox 1103 1378 1357 1417; x_wconf 85' lang='lat' dir='ltr'>Saturninum</span> <span class='ocrx_word' id='word_1_166' title='bbox 1379 1378 1573 1417; x_wconf 87' lang='lat' dir='ltr'>Rabirius.</span> 
     </span>
     <span class='ocr_line' id='line_1_22' title="bbox 235 1443 1574 1496; baseline -0.002 -11"><span class='ocrx_word' id='word_1_167' title='bbox 235 1446 398 1485; x_wconf 86' lang='lat' dir='ltr'>Vtinam</span> <span class='ocrx_word' id='word_1_168' title='bbox 425 1446 603 1485; x_wconf 87' lang='lat' dir='ltr'>fecisset!</span> <span class='ocrx_word' id='word_1_169' title='bbox 636 1460 715 1485; x_wconf 87' lang='lat' dir='ltr'>non</span> <span class='ocrx_word' id='word_1_170' title='bbox 750 1444 987 1496; x_wconf 87' lang='lat' dir='ltr'>supplicium</span> <span class='ocrx_word' id='word_1_171' title='bbox 1010 1446 1239 1494; x_wconf 86' lang='lat' dir='ltr'>deprecarer</span> <span class='ocrx_word' id='word_1_172' title='bbox 1263 1445 1332 1483; x_wconf 88' lang='lat' dir='ltr'>sed</span> <span class='ocrx_word' id='word_1_173' title='bbox 1357 1443 1574 1495; x_wconf 87' lang='lat' dir='ltr'>praemium</span> 
     </span>
     <span class='ocr_line' id='line_1_23' title="bbox 236 1508 1576 1563; baseline -0.003 -13"><span class='ocrx_word' id='word_1_174' title='bbox 236 1513 486 1563; x_wconf 87' lang='lat' dir='ltr'>postularem.</span> <span class='ocrx_word' id='word_1_175' title='bbox 550 1511 720 1559; x_wconf 87' lang='lat' dir='ltr'>Etenim,</span> <span class='ocrx_word' id='word_1_176' title='bbox 754 1511 785 1549; x_wconf 91' lang='lat' dir='ltr'>si</span> <span class='ocrx_word' id='word_1_177' title='bbox 823 1512 1005 1557; x_wconf 83' lang='lat' dir='ltr'>Scaevae,</span> <span class='ocrx_word' id='word_1_178' title='bbox 1042 1523 1153 1548; x_wconf 82' lang='lat' dir='ltr'>servo</span> <span class='ocrx_word' id='word_1_179' title='bbox 1193 1511 1242 1558; x_wconf 81' lang='lat' dir='ltr'>Q.</span> <span class='ocrx_word' id='word_1_180' title='bbox 1277 1509 1474 1555; x_wconf 89' lang='lat' dir='ltr'>Crotonis,</span> <span class='ocrx_word' id='word_1_181' title='bbox 1507 1508 1576 1559; x_wconf 85' lang='lat' dir='ltr'>qui</span> 
     </span>
     <span class='ocr_line' id='line_1_24' title="bbox 237 1572 1577 1624; baseline -0.004 -8"><span class='ocrx_word' id='word_1_182' title='bbox 237 1576 382 1616; x_wconf 88' lang='lat' dir='ltr'>occidit</span> <span class='ocrx_word' id='word_1_183' title='bbox 431 1578 474 1615; x_wconf 95' lang='lat' dir='ltr'>L.</span> <span class='ocrx_word' id='word_1_184' title='bbox 525 1576 791 1623; x_wconf 89' lang='lat' dir='ltr'>Saturninum,</span> <span class='ocrx_word' id='word_1_185' title='bbox 846 1575 1004 1614; x_wconf 86' lang='lat' dir='ltr'>libertas</span> <span class='ocrx_word' id='word_1_186' title='bbox 1049 1576 1142 1613; x_wconf 79' lang='lat' dir='ltr'>data</span> <span class='ocrx_word' id='word_1_187' title='bbox 1189 1582 1258 1622; x_wconf 88' lang='lat' dir='ltr'>est,</span> <span class='ocrx_word' id='word_1_188' title='bbox 1303 1575 1413 1624; x_wconf 83' lang='lat' dir='ltr'>quod</span> <span class='ocrx_word' id='word_1_189' title='bbox 1455 1572 1577 1624; x_wconf 86' lang='lat' dir='ltr'>equiti</span> 
     </span>
     <span class='ocr_line' id='line_1_25' title="bbox 239 1638 1578 1692; baseline -0.001 -13"><span class='ocrx_word' id='word_1_190' title='bbox 239 1643 424 1680; x_wconf 88' lang='lat' dir='ltr'>Romano</span> <span class='ocrx_word' id='word_1_191' title='bbox 445 1642 663 1692; x_wconf 88' lang='lat' dir='ltr'>praemium</span> <span class='ocrx_word' id='word_1_192' title='bbox 682 1641 764 1680; x_wconf 87' lang='lat' dir='ltr'>dari</span> <span class='ocrx_word' id='word_1_193' title='bbox 788 1655 856 1691; x_wconf 84' lang='lat' dir='ltr'>par</span> <span class='ocrx_word' id='word_1_194' title='bbox 882 1640 1047 1679; x_wconf 87' lang='lat' dir='ltr'>fuisset?</span> <span class='ocrx_word' id='word_1_195' title='bbox 1076 1648 1125 1686; x_wconf 88' lang='lat' dir='ltr'>et,</span> <span class='ocrx_word' id='word_1_196' title='bbox 1157 1639 1189 1678; x_wconf 87' lang='lat' dir='ltr'>si</span> <span class='ocrx_word' id='word_1_197' title='bbox 1215 1641 1258 1679; x_wconf 90' lang='lat' dir='ltr'>C.</span> <span class='ocrx_word' id='word_1_198' title='bbox 1283 1639 1444 1686; x_wconf 88' lang='lat' dir='ltr'>Marius,</span> <span class='ocrx_word' id='word_1_199' title='bbox 1468 1638 1578 1689; x_wconf 87' lang='lat' dir='ltr'>quod</span> 
     </span>
     <span class='ocr_line' id='line_1_26' title="bbox 238 1703 1577 1756; baseline -0.001 -12"><span class='ocrx_word' id='word_1_200' title='bbox 238 1707 386 1745; x_wconf 88' lang='lat' dir='ltr'>fistulas</span> <span class='ocrx_word' id='word_1_201' title='bbox 414 1707 558 1756; x_wconf 85' lang='lat' dir='ltr'>quibus</span> <span class='ocrx_word' id='word_1_202' title='bbox 593 1720 696 1756; x_wconf 83' lang='lat' dir='ltr'>aqua</span> <span class='ocrx_word' id='word_1_203' title='bbox 729 1705 1056 1756; x_wconf 84' lang='lat' dir='ltr'>suppeditabatur</span> <span class='ocrx_word' id='word_1_204' title='bbox 1088 1704 1193 1743; x_wconf 77' lang='lat' dir='ltr'>Iovis</span> <span class='ocrx_word' id='word_1_205' title='bbox 1227 1705 1379 1754; x_wconf 91' lang='lat' dir='ltr'>Optimi</span> <span class='ocrx_word' id='word_1_206' title='bbox 1412 1703 1577 1743; x_wconf 81' lang='lat' dir='ltr'>Maximi</span> 
     </span>
     <span class='ocr_line' id='line_1_27' title="bbox 238 1769 1578 1821; baseline -0.001 -11"><span class='ocrx_word' id='word_1_207' title='bbox 238 1771 395 1821; x_wconf 89' lang='lat' dir='ltr'>templis</span> <span class='ocrx_word' id='word_1_208' title='bbox 442 1785 488 1810; x_wconf 90' lang='lat' dir='ltr'>ac</span> <span class='ocrx_word' id='word_1_209' title='bbox 538 1771 698 1810; x_wconf 87' lang='lat' dir='ltr'>sedibus</span> <span class='ocrx_word' id='word_1_210' title='bbox 751 1770 923 1821; x_wconf 85' lang='lat' dir='ltr'>praecidi</span> <span class='ocrx_word' id='word_1_211' title='bbox 965 1769 1182 1820; x_wconf 84' lang='lat' dir='ltr'>imperarat,</span> <span class='ocrx_word' id='word_1_212' title='bbox 1232 1771 1340 1820; x_wconf 85' lang='lat' dir='ltr'>quod</span> <span class='ocrx_word' id='word_1_213' title='bbox 1388 1769 1429 1808; x_wconf 92' lang='lat' dir='ltr'>in</span> <span class='ocrx_word' id='word_1_214' title='bbox 1476 1769 1578 1809; x_wconf 91' lang='lat' dir='ltr'>clivo</span> 
     </span>
     <span class='ocr_line' id='line_1_28' title="bbox 241 1835 1036 1886; baseline -0.003 -12"><span class='ocrx_word' id='word_1_215' title='bbox 241 1836 468 1886; x_wconf 88' lang='lat' dir='ltr'>Capitolino</span> <span class='ocrx_word' id='word_1_216' title='bbox 502 1836 774 1886; x_wconf 89' lang='lat' dir='ltr'>improborum</span> <span class='ocrx_word' id='word_1_217' title='bbox 807 1835 950 1873; x_wconf 90' lang='lat' dir='ltr'>civium</span> <span class='ocrx_word' id='word_1_218' title='bbox 970 1848 1036 1869; x_wconf 54' lang='grc' dir='ltr'>*ἦε*</span> 
     </span>
    </p>
   </div>
   <div class='ocr_carea' id='block_1_7' title="bbox 242 1937 1580 2066">
    <p class='ocr_par' dir='ltr' id='par_1_7' title="bbox 242 1937 1580 2066">
     <span class='ocr_line' id='line_1_29' title="bbox 288 1937 1578 1980; baseline 0 -12"><span class='ocrx_word' id='word_1_219' title='bbox 288 1949 328 1969; x_wconf 93' lang='lat'>10</span> <span class='ocrx_word' id='word_1_220' title='bbox 350 1949 415 1978; x_wconf 86' lang='lat' dir='ltr'>qua</span> <span class='ocrx_word' id='word_1_221' title='bbox 433 1938 486 1980; x_wconf 86' lang='lat' dir='ltr'>re]</span> <span class='ocrx_word' id='word_1_222' title='bbox 505 1949 571 1978; x_wconf 87' lang='lat' dir='ltr'>qua</span> <span class='ocrx_word' id='word_1_223' title='bbox 594 1938 785 1969; x_wconf 74' lang='lat' dir='ltr'>Torrentius</span> <span class='ocrx_word' id='word_1_224' title='bbox 963 1947 999 1975; x_wconf 85' lang='lat'>13</span> <span class='ocrx_word' id='word_1_225' title='bbox 1025 1948 1066 1967; x_wconf 83' lang='lat' dir='ltr'>ne</span> <span class='ocrx_word' id='word_1_226' title='bbox 1085 1937 1137 1967; x_wconf 88' lang='lat' dir='ltr'>his</span> <span class='ocrx_word' id='word_1_227' title='bbox 1155 1937 1359 1968; x_wconf 79' lang='lat' dir='ltr'>Beroaldus:</span> <span class='ocrx_word' id='word_1_228' title='bbox 1388 1937 1469 1968; x_wconf 80' lang='lat' dir='ltr'>mihi</span> <span class='ocrx_word' id='word_1_229' title='bbox 1488 1937 1578 1969; x_wconf 87' lang='lat' dir='ltr'>codd.</span> 
     </span>
     <span class='ocr_line' id='line_1_30' title="bbox 246 1980 1580 2022; baseline -0.001 -9"><span class='ocrx_word' id='word_1_230' title='bbox 246 1993 285 2021; x_wconf 87' lang='lat'>14</span> <span class='ocrx_word' id='word_1_231' title='bbox 307 1982 359 2013; x_wconf 87' lang='lat' dir='ltr'>his</span> <span class='ocrx_word' id='word_1_232' title='bbox 377 1982 483 2022; x_wconf 72' lang='lat' dir='ltr'>sslbp:</span> <span class='ocrx_word' id='word_1_233' title='bbox 510 1983 549 2013; x_wconf 85' lang='lat' dir='ltr'>iis</span> <span class='ocrx_word' id='word_1_234' title='bbox 567 1986 632 2013; x_wconf 78' lang='lat' dir='ltr'>cell.</span> <span class='ocrx_word' id='word_1_235' title='bbox 728 1991 766 2020; x_wconf 89' lang='lat'>15</span> <span class='ocrx_word' id='word_1_236' title='bbox 792 1981 891 2011; x_wconf 83' lang='lat' dir='ltr'>fuerit</span> <span class='ocrx_word' id='word_1_237' title='bbox 912 1991 924 2010; x_wconf 92' lang='lat'>1</span> <span class='ocrx_word' id='word_1_238' title='bbox 947 1980 1005 2012; x_wconf 79' lang='lat' dir='ltr'><em>det.</em></span> <span class='ocrx_word' id='word_1_239' title='bbox 1027 1993 1034 2011; x_wconf 91' lang='lat'><strong>:</strong></span> <span class='ocrx_word' id='word_1_240' title='bbox 1059 1981 1181 2012; x_wconf 77' lang='lat' dir='ltr'>fuerint</span> <span class='ocrx_word' id='word_1_241' title='bbox 1203 1982 1290 2022; x_wconf 82' lang='lat' dir='ltr'>(-unt</span> <span class='ocrx_word' id='word_1_242' title='bbox 1307 1981 1368 2021; x_wconf 72' lang='lat' dir='ltr'>blc)</span> <span class='ocrx_word' id='word_1_243' title='bbox 1386 1981 1452 2012; x_wconf 80' lang='lat' dir='ltr'>mei</span> <span class='ocrx_word' id='word_1_244' title='bbox 1541 1982 1580 2012; x_wconf 90' lang='lat'>18</span> 
     </span>
     <span class='ocr_line' id='line_1_31' title="bbox 242 2024 1580 2066; baseline -0.001 -10"><span class='ocrx_word' id='word_1_245' title='bbox 242 2025 377 2066; x_wconf 84' lang='lat' dir='ltr'>capitis]</span> <span class='ocrx_word' id='word_1_246' title='bbox 404 2026 453 2056; x_wconf 87' lang='lat' dir='ltr'>rei</span> <span class='ocrx_word' id='word_1_247' title='bbox 479 2026 600 2065; x_wconf 86' lang='lat' dir='ltr'>capitis</span> <span class='ocrx_word' id='word_1_248' title='bbox 625 2025 676 2057; x_wconf 61' lang='grc' dir='ltr'>ος</span> <span class='ocrx_word' id='word_1_249' title='bbox 830 2035 872 2055; x_wconf 86' lang='lat'>20</span> <span class='ocrx_word' id='word_1_250' title='bbox 896 2025 1059 2063; x_wconf 83' lang='lat' dir='ltr'>deprecar</span> <span class='ocrx_word' id='word_1_251' title='bbox 1083 2024 1149 2054; x_wconf 57' lang='grc' dir='ltr'>Ωἳα</span> <span class='ocrx_word' id='word_1_252' title='bbox 1303 2035 1340 2054; x_wconf 85' lang='lat'>21</span> <span class='ocrx_word' id='word_1_253' title='bbox 1369 2025 1506 2055; x_wconf 86' lang='lat' dir='ltr'>Crotoni</span> <span class='ocrx_word' id='word_1_254' title='bbox 1530 2024 1580 2057; x_wconf 71' lang='grc' dir='ltr'>ος·</span> 
     </span>
    </p>
   </div>
   <div class='ocr_carea' id='block_1_8' title="bbox 242 2067 1499 2109">
    <p class='ocr_par' dir='ltr' id='par_1_8' title="bbox 242 2067 1499 2109">
     <span class='ocr_line' id='line_1_32' title="bbox 242 2067 1499 2109; baseline 0 -10"><span class='ocrx_word' id='word_1_255' title='bbox 242 2079 282 2107; x_wconf 80' lang='lat'>24</span> <span class='ocrx_word' id='word_1_256' title='bbox 301 2068 389 2100; x_wconf 88' lang='lat' dir='ltr'>Iovis</span> <span class='ocrx_word' id='word_1_257' title='bbox 404 2074 473 2109; x_wconf 87' lang='lat' dir='ltr'>opt.</span> <span class='ocrx_word' id='word_1_258' title='bbox 493 2080 579 2101; x_wconf 82' lang='lat' dir='ltr'>max.</span> <span class='ocrx_word' id='word_1_259' title='bbox 600 2068 660 2100; x_wconf 79' lang='lat' dir='ltr'>b2t²</span> <span class='ocrx_word' id='word_1_260' title='bbox 678 2080 685 2100; x_wconf 74' lang='grc' dir='ltr'><strong>ε</strong></span> <span class='ocrx_word' id='word_1_261' title='bbox 715 2069 739 2101; x_wconf 96' lang='grc' dir='ltr'>Ι.</span> <span class='ocrx_word' id='word_1_262' title='bbox 760 2068 801 2100; x_wconf 92' lang='lat' dir='ltr'>O.</span> <span class='ocrx_word' id='word_1_263' title='bbox 820 2067 885 2109; x_wconf 79' lang='lat' dir='ltr'>(vel</span> <span class='ocrx_word' id='word_1_264' title='bbox 901 2068 943 2107; x_wconf 83' lang='lat' dir='ltr'>D)</span> <span class='ocrx_word' id='word_1_265' title='bbox 963 2068 1007 2098; x_wconf 90' lang='lat' dir='ltr'>M.</span> <span class='ocrx_word' id='word_1_266' title='bbox 1028 2070 1064 2107; x_wconf 80' lang='grc' dir='ltr'>Ω,</span> <span class='ocrx_word' id='word_1_267' title='bbox 1084 2068 1160 2099; x_wconf 79' lang='lat' dir='ltr'>alii:</span> <span class='ocrx_word' id='word_1_268' title='bbox 1191 2067 1307 2098; x_wconf 87' lang='lat' dir='ltr'>Idibus</span> <span class='ocrx_word' id='word_1_269' title='bbox 1325 2067 1454 2098; x_wconf 84' lang='lat' dir='ltr'>martiis</span> <span class='ocrx_word' id='word_1_270' title='bbox 1469 2067 1499 2099; x_wconf 71' lang='grc' dir='ltr'>ς’</span> 
     </span>
    </p>
   </div>
   <div class='ocr_carea' id='block_1_9' title="bbox 1593 476 1611 508">
    <p class='ocr_par' dir='ltr' id='par_1_9' title="bbox 1593 476 1611 508">
     <span class='ocr_line' id='line_1_33' title="bbox 1593 476 1611 508; baseline 0 0"><span class='ocrx_word' id='word_1_271' title='bbox 1593 476 1611 508; x_wconf 89' lang='grc'><strong><em>5</em></strong></span> 
     </span>
    </p>
   </div>
   <div class='ocr_carea' id='block_1_10' title="bbox 1598 805 1636 828">
    <p class='ocr_par' dir='ltr' id='par_1_10' title="bbox 1598 805 1636 828">
     <span class='ocr_line' id='line_1_34' title="bbox 1598 805 1636 828; baseline 0.026 -1"><span class='ocrx_word' id='word_1_272' title='bbox 1598 805 1636 828; x_wconf 89' lang='lat'>10</span> 
     </span>
    </p>
   </div>
   <div class='ocr_carea' id='block_1_11' title="bbox 1600 1134 1636 1166">
    <p class='ocr_par' dir='ltr' id='par_1_11' title="bbox 1600 1134 1636 1166">
     <span class='ocr_line' id='line_1_35' title="bbox 1600 1134 1636 1166; baseline 0 0"><span class='ocrx_word' id='word_1_273' title='bbox 1600 1134 1636 1166; x_wconf 85' lang='lat'>15</span> 
     </span>
    </p>
   </div>
   <div class='ocr_carea' id='block_1_12' title="bbox 1599 1460 1639 1482">
    <p class='ocr_par' dir='ltr' id='par_1_12' title="bbox 1599 1460 1639 1482">
     <span class='ocr_line' id='line_1_36' title="bbox 1599 1460 1639 1482; baseline 0 0"><span class='ocrx_word' id='word_1_274' title='bbox 1599 1460 1639 1482; x_wconf 91' lang='lat'>20</span> 
     </span>
    </p>
   </div>
   <div class='ocr_carea' id='block_1_13' title="bbox 1597 1781 1638 1814">
    <p class='ocr_par' dir='ltr' id='par_1_13' title="bbox 1597 1781 1638 1814">
     <span class='ocr_line' id='line_1_37' title="bbox 1597 1781 1638 1814; baseline 0 0"><span class='ocrx_word' id='word_1_275' title='bbox 1597 1781 1638 1814; x_wconf 85' lang='lat'>25</span> 
     </span>
    </p>
   </div>
  </div>
 </body>
</html>
