1747 2620
209 65 232 101 8
257 81 292 102 22
611 65 668 103 M.
700 65 868 101 TVLLI
900 63 1205 103 CICERONIS

254 191 344 215 eum
367 177 434 228 qui
455 176 564 216 illum
587 178 760 215 olearum
783 175 963 215 ordinem
985 177 1164 214 intrasset
1179 174 1387 214 occideret.
1442 176 1580 212 Homo

254 257 343 281 mea
362 241 556 282 sententia
576 241 905 293 prudentissimus
927 240 1101 281 Caecina
1120 249 1253 279 tamen
1274 239 1314 278 in
1337 241 1412 279 hac
1431 254 1472 279 re
1491 241 1580 291 plus

253 307 350 346 mihi
378 306 499 346 animi
529 320 648 356 quam
679 306 817 345 consili
847 306 1001 345 videtur
1030 305 1226 344 habuisse.
1286 307 1391 344 Nam
1422 318 1512 343 cum
1542 312 1581 343 et

251 380 489 410 armatorum
529 371 825 410 multitudinem
865 371 1013 410 videret
1051 379 1091 410 et
1129 385 1216 409 eam
1254 384 1395 409 vocem
1434 368 1580 408 Aebuti

252 451 371 487 quam
392 436 699 476 commemoravi
719 436 906 484 audisset,
930 445 1062 475 tamen
1082 435 1248 475 accessit
1269 435 1429 487 propius
1445 442 1483 474 et
1503 433 1580 472 iam
1602 443 1619 474 5

252 501 474 551 ingrediens
509 501 609 540 intra
641 503 760 540 finem
793 501 876 540 eius
910 502 986 540 loci
1020 515 1140 551 quem
1172 502 1284 539 oleae
1317 499 1581 539 terminabant

251 566 444 618 impetum
459 567 597 605 armati
618 566 807 605 Antiochi
824 574 1125 616 ceterorumque
1145 567 1223 604 tela
1241 573 1361 616 atque
1381 564 1580 603 incursum

251 632 401 683 refugit.
477 634 630 672 Eodem
671 640 849 683 tempore
888 646 929 670 se
968 631 1008 670 in
1048 633 1179 682 fugam
1219 632 1427 669 conferunt
1464 628 1579 668 amici

252 697 514 748 advocatique
535 697 618 736 eius
647 693 754 736 metu
785 697 989 748 perterriti,
1012 710 1130 747 quem
1150 697 1202 735 ad
1229 697 1396 735 modum
1425 694 1581 733 illorum

195 783 234 814 23
255 770 394 802 testem
424 762 554 802 dicere
584 762 758 802 audistis.
820 762 897 800 His
928 763 1044 801 rebus
1075 761 1128 800 ita
1156 761 1275 812 gestis
1306 763 1349 799 P.
1373 761 1582 799 Dolabella
1605 771 1642 792 10

253 836 408 878 praetor
428 827 638 875 interdixit,
662 836 705 866 ut
726 836 783 866 cst
804 829 1065 875 consuetudo,
1088 839 1143 865 DE
1174 839 1215 865 vi
1246 838 1481 866 HOMINIBVS
1512 838 1582 863 AR-

254 905 381 931 MAT1s
420 893 503 932 sine
542 895 620 931 ulla
659 893 900 943 exceptione,
943 901 1097 931 tantum
1140 900 1183 931 ut
1227 893 1335 931 unde
1373 891 1582 931 deiecisset

251 958 480 997 restitueret.
542 958 776 997 Restituisse
797 973 838 997 se
858 958 965 997 dixit.
1016 957 1296 1009 Sponsiofacla
1317 963 1381 997 esl.
1430 959 1523 996 Hac
1538 958 1582 994 de

252 1023 465 1074 sponsione
485 1023 597 1062 vobis
618 1023 876 1063 iudicandum
897 1032 966 1062 est.

205 1098 233 1136 9
309 1089 483 1128 Maxime
512 1089 585 1128 fuit
612 1091 833 1141 optandum
864 1089 1075 1138 Caecinae,
1100 1098 1403 1141 recuperatores,
1426 1099 1469 1129 ut
1489 1104 1580 1129 con-
1601 1102 1640 1135 15

252 1155 461 1194 troversiae
490 1155 587 1194 nihil
617 1156 789 1203 haberet,
822 1157 999 1195 secundo
1028 1157 1118 1195 loco
1146 1164 1187 1195 ut
1212 1170 1262 1194 ne
1287 1170 1377 1195 cum
1405 1164 1484 1194 tam
1512 1155 1581 1194 im-

252 1221 377 1272 probo
407 1220 581 1268 homine,
605 1221 718 1260 tertio
744 1229 787 1259 ut
817 1235 907 1260 cum
937 1229 1015 1259 tam
1038 1223 1157 1260 stulto
1188 1222 1360 1260 haberet.
1421 1221 1580 1260 Etenim

252 1301 333 1326 non
364 1286 494 1325 minus
525 1301 597 1326 nos
629 1286 792 1325 stultitia
820 1287 922 1325 illius
953 1287 1132 1325 sublevat
1153 1300 1272 1337 quam
1300 1287 1420 1326 laedit
1440 1287 1582 1338 impro-

252 1351 362 1390 bitas.
416 1353 627 1403 Improbus
649 1352 730 1400 fuit,
751 1353 860 1403 quod
881 1351 1062 1391 homines
1085 1352 1224 1402 coegit,
1241 1352 1414 1400 armavit,
1435 1352 1580 1392 coactis

250 1417 488 1468 armatisque
526 1418 605 1456 vim
640 1418 742 1456 fecit.
804 1417 935 1456 Laesit
973 1416 1013 1455 in
1053 1431 1100 1456 eo
1140 1416 1365 1464 Caecinam,
1403 1417 1582 1456 sublevat
1603 1433 1642 1455 20

251 1483 426 1531 ibidem3
455 1496 546 1521 nam
569 1483 608 1521 in
629 1497 694 1521 eas
716 1482 819 1534 ipsas
846 1496 905 1521 res
935 1496 1032 1533 quas
1054 1482 1346 1533 improbissime
1366 1482 1459 1521 fecit
1479 1482 1583 1522 testi-

191 1564 231 1596 ²4
252 1548 385 1587 monia
414 1549 580 1599 sumpsit
610 1556 648 1587 et
677 1549 732 1587 eis
762 1548 801 1586 in
833 1562 950 1587 causa
985 1547 1219 1586 testimoniis
1251 1547 1380 1587 utitur.
1441 1550 1581 1599 Itaque

252 1613 347 1652 mihi
377 1621 527 1652 certum
555 1621 624 1661 est,
646 1622 948 1664 recuperatores,
972 1621 1064 1652 ante
1092 1627 1210 1663 quam
1232 1614 1282 1652 ad
1300 1627 1428 1652 meam
1449 1615 1581 1652 defen-

251 1678 403 1717 sionem
434 1692 623 1728 meosque
649 1678 756 1718 testis
778 1678 905 1726 venio,
931 1678 1032 1716 illius
1055 1677 1110 1717 uti
1132 1678 1381 1717 confessione
1411 1687 1449 1719 et
1479 1679 1581 1718 testi-

252 1743 422 1792 moniis;
451 1743 518 1793 qui
548 1745 757 1782 confitetur
777 1752 895 1794 atque
924 1743 977 1782 ita
1003 1743 1170 1782 libenter
1195 1745 1403 1783 confitetur
1430 1753 1472 1783 ut
1499 1759 1579 1784 non
1602 1759 1638 1790 25

251 1810 379 1848 solum
418 1809 527 1847 fateri
567 1810 636 1848 sed
675 1809 792 1847 etiam
830 1809 1001 1859 profiteri
1039 1809 1226 1857 videatur,
1264 1818 1577 1860 recuperatores:

254 1874 490 1913 ‘convocavi
521 1874 713 1921 homines,
736 1874 858 1925 coegi,
882 1875 1040 1923 armavi,
1071 1883 1214 1914 terrore
1244 1876 1380 1914 mortis
1407 1890 1452 1914 ac
1485 1875 1579 1926 peri-

250 1941 340 1978 culo
361 1939 497 1990 capitis
528 1954 577 1978 ne
597 1941 805 1979 accederes
828 1941 988 1989 obstiti3
1017 1943 1141 1989 ferro,’
1166 1941 1304 1992 inquit,
1337 1944 1460 1981 ‘ferro
1474 1941 1579 1980 '——et

249 2005 326 2043 hoc
360 2004 455 2043 dicit
493 2004 533 2042 in
567 2004 833 2044 iudicio—‘te
869 2005 984 2045 reieci
1015 2014 1133 2057 atque
1169 2006 1383 2057 proterrui.'
1441 2007 1580 2056 Quid?

294 2121 313 2150 5
338 2086 487 2142 audisset
517 2112 594 2143 TE:
627 2113 813 2144 audivisset
842 2116 905 2144 cett.
1075 2124 1092 2153 7
1118 2113 1286 2144 incursum
1318 2114 1392 2144 TE:
1426 2115 1578 2144 incursus

250 2158 314 2186 cell.
476 2157 496 2186 8
521 2156 696 2187 conferunt
722 2157 874 2187 Ernesti:
911 2155 1025 2187 confer
1049 2167 1114 2187 una
1137 2157 1183 2188 T:
1218 2158 1396 2188 conferunt
1421 2168 1485 2188 una
1510 2160 1577 2189 cell.

249 2199 344 2228 amici
364 2197 404 2227 M
417 2210 496 2239 mg,
516 2200 585 2231 0‘2‘:
612 2201 728 2231 meieci
748 2204 811 2231 cell.
930 2210 966 2239 13
993 2200 1186 2231 restitueret
1203 2213 1208 2231 :
1235 2201 1357 2231 deinde
1377 2200 1515 2240 Quintil.
1535 2201 1576 2232 iv.

251 2252 280 2272 2.
300 2253 357 2281 132
447 2244 583 2282 sponsio
604 2268 610 2274 .
633 2267 640 2274 .
663 2267 670 2275 .
688 2244 729 2274 de
747 2244 851 2283 suppl.
866 2242 1055 2284 Naugerius
1088 2245 1118 2274 1¹]
1132 2244 1296 2283 eQm‘ntr'l.
1390 2246 1426 2274 18
1452 2244 1580 2275 istiusk

251 2296 292 2315 20
309 2285 461 2316 sublevat
486 2287 594 2318 TEo‘?
610 2299 616 2318 ι
642 2287 831 2318 sublevavit
849 2291 914 2319 cell.
998 2297 1039 2326 25
1064 2288 1118 2327 qui
1137 2288 1175 2323 ε’),
1195 2287 1371 2319 Lehmann
1389 2299 1396 2319 :
1412 2288 1493 2327 quid
1508 2291 1574 2319 cett.

252 2339 293 2368 29
318 2330 486 2369 proterrui
509 2330 542 2369 T,
562 2330 689 2371 Aquila
704 2331 806 2362 Rom.
825 2331 932 2372 desig.
955 2335 969 2370 ξ
988 2341 1040 2371 29,
1060 2330 1249 2362 Lambinus
1265 2343 1271 2362 :
1296 2333 1460 2372 perterrui
1477 2335 1543 2363 cett.
