1747 2620
200 73 248 112 16
266 76 310 120 46
637 72 696 110 M.
725 70 896 109 TVLLI
926 68 1235 109 CICERONIS

267 193 415 236 potero.
475 185 580 223 Nam
601 181 669 234 qui
689 183 812 221 semel
831 196 855 221 a
875 180 1036 219 veritate
1062 178 1230 225 deflexit,
1255 178 1320 216 hic
1346 191 1427 216 non
1450 176 1596 215 maiore

267 249 455 300 religione
483 250 535 287 ad
565 247 779 299 periurium
801 260 922 297 quam
950 247 1002 284 ad
1031 245 1285 283 mendacium
1314 241 1476 293 perduci
1505 254 1597 280 con-

267 314 405 353 suevit.
465 315 566 363 Quis
586 313 692 352 enim
713 311 994 362 deprecatione
1023 311 1200 356 deorum,
1222 323 1305 347 non
1331 306 1596 347 conscientiae

268 381 348 419 fide
376 380 679 418 commovetur?
736 380 959 428 Propterea,
982 389 1084 426 quae
1113 389 1244 426 poena
1272 375 1322 413 ab
1352 374 1413 413 dis
1441 373 1598 412 immor-

269 445 412 484 talibus
438 444 605 495 periuro,
635 445 734 482 haec
766 444 906 481 eadem
939 441 1122 480 mendaci
1153 441 1368 479 constituta
1394 447 1483 488 est,·
1515 453 1596 478 non
1616 452 1635 486 5

268 511 373 550 enim
404 525 451 549 ex
480 509 664 560 pactione
690 510 900 548 verborum
930 507 1074 557 quibus
1101 506 1159 544 ius
1184 505 1393 544 iurandum
1423 517 1599 555 compre-

269 577 464 623 henditur,
487 577 557 614 sed
581 589 627 613 ex
654 574 820 625 perfidia
849 581 888 612 et
915 572 1061 611 malitia
1089 585 1158 622 per
1181 585 1300 621 quarn
1327 569 1494 608 insidiae
1516 576 1599 607 ten-

269 644 416 681 duntur
435 640 562 688 alicui,
586 638 627 678 di
654 639 897 677 immortales
923 637 1154 677 hominibus
1179 635 1290 675 irasci
1312 643 1350 675 et
1370 648 1598 674 suscensere

208 714 251 749 47
270 714 520 747 consuerunt.
580 707 634 743 At
668 718 741 754 ego
780 705 857 742 hoc
896 717 943 741 ex
980 701 1177 741 contrario
1214 702 1442 740 contendo:
1476 700 1599 739 levior

269 779 373 812 esset
400 770 612 810 auctoritas
646 769 773 817 Cluvi,
810 768 842 807 si
874 768 1021 807 diceret
1052 767 1209 814 iuratus,
1235 780 1355 817 quarn
1387 779 1494 804 nunc
1524 772 1593 811 est,
1618 782 1660 805 10

268 851 359 877 cum
390 836 486 876 dicit
515 834 715 873 iniuratus.
776 836 882 872 Tum
916 833 1023 872 enim
1058 831 1218 871 forsitan
1252 831 1442 882 improbis
1480 829 1598 868 nimis

268 902 436 953 cupidus
464 901 672 947 videretur,
695 899 762 950 qui
783 913 862 950 qua
882 899 933 938 de
953 913 993 937 re
1018 898 1135 937 iudex
1167 897 1303 935 fuisset
1332 897 1441 935 testis
1470 903 1599 943 esset3

267 981 374 1006 nunc
404 965 590 1006 omnibus
620 979 701 1003 non
732 963 877 1014 iniquis
898 977 1060 1002 necesse
1088 970 1147 1001 est
1173 961 1415 1001 castissimus
1443 968 1481 999 et
1508 971 1599 999 con-

267 1032 530 1072 stantissimus
569 1045 655 1070 esse
692 1030 881 1077 videatur,
916 1030 983 1080 qui
1019 1028 1059 1067 id
1093 1029 1203 1079 quod
1237 1029 1311 1067 scit
1342 1025 1598 1066 familiaribus

267 1097 347 1137 Suis
367 1096 474 1136 dicit.
1620 1107 1656 1139 15

205 1172 247 1212 48
325 1162 401 1202 Dic
421 1176 538 1209 nunc,
562 1162 592 1200 si
614 1168 736 1212 potes,
761 1160 791 1199 si
818 1174 888 1207 τετε,
913 1159 944 1199 si
971 1173 1090 1198 causa
1116 1158 1272 1210 patitur,
1296 1157 1481 1198 Cluvium
1512 1171 1598 1196 esse

270 1229 479 1267 mentitum
502 1230 509 1266 ἓ
587 1226 779 1265 Mentitus
819 1234 876 1265 est
917 1226 1079 1266 Cluvius
1101 1227 1117 1263 ?
1192 1226 1285 1274 Ipsa
1323 1223 1419 1262 mihi
1458 1224 1598 1261 veritas

269 1306 430 1332 manum
460 1291 592 1332 iniecit
614 1300 651 1330 et
672 1291 869 1342 paulisper
897 1290 1112 1330 consistere
1133 1297 1171 1329 et
1192 1290 1427 1328 commorari
1456 1287 1595 1338 coegit.

264 1360 382 1398 Vnde
415 1359 492 1397 hoc
526 1365 654 1396 totum
689 1357 853 1395 ductum
894 1364 932 1394 et
972 1356 1186 1394 conflatum
1224 1353 1477 1393 mendacium
1509 1355 1598 1393 est?

267 1422 434 1462 Roscius
473 1429 532 1461 est
571 1420 753 1460 videlicet
794 1422 916 1459 homo
956 1420 1121 1459 callidus
1161 1428 1200 1458 et
1239 1426 1427 1458 versutus.
1503 1421 1596 1457 Hoc
1619 1434 1659 1456 20

263 1488 374 1527 initio
423 1487 593 1538 cogitare
636 1486 793 1536 coepit:
843 1485 1057 1536 ‘quoniam
1109 1484 1282 1523 Fannius
1320 1499 1343 1523 a
1390 1498 1452 1523 me
1500 1484 1598 1534 petit

265 1555 335 1592 HS
368 1565 469 1599 1003),
492 1560 624 1603 petam
654 1566 686 1589 a.
720 1552 764 1591 C.
794 1550 948 1598 Cluvio,
981 1551 1114 1601 equite
1135 1552 1323 1596 Romano,
1347 1549 1598 1588 ornatissimo

264 1617 435 1664 homine,
467 1624 508 1656 ut
540 1630 627 1655 mea
657 1630 775 1655 causa
803 1617 1024 1661 mentiatur,
1048 1615 1154 1654 dicat
1181 1614 1422 1654 decisionem
1453 1616 1596 1654 factam

264 1696 349 1722 esse
378 1696 480 1734 quae
511 1684 613 1720 facta
649 1696 729 1721 non
762 1690 834 1729 est,
862 1683 931 1721 Hs
962 1693 1133 1721 ccciooo
1166 1694 1189 1718 a
1222 1680 1357 1719 Flavio
1391 1681 1484 1719 data
1511 1694 1596 1719 esse

266 1749 418 1787 Fannio
456 1760 558 1800 quae
599 1748 690 1785 data
729 1761 810 1786 non
851 1748 966 1787 sunt.’
1035 1748 1106 1785 Est
1144 1747 1222 1786 hoc
1260 1745 1496 1797 principium
1528 1745 1595 1784 im-
1615 1759 1656 1791 25

204 1827 246 1859 49
265 1812 378 1864 probi
407 1814 541 1860 animi,
572 1812 701 1851 miseri
734 1813 876 1863 ingeni,
900 1812 1044 1851 nullius
1074 1811 1224 1850 consili.
1284 1810 1393 1860 Quid
1423 1811 1598 1850 deinde?

267 1879 408 1916 Postea
442 1891 560 1927 quam
590 1891 631 1916 se
662 1879 857 1927 praeclare
887 1876 1145 1920 confirmavit,
1178 1874 1284 1914 venit
1314 1876 1364 1914 ad
1398 1875 1596 1915 Cluvium.

267 1943 397 1990 Quem
420 1942 654 1981 hominem?
686 1944 843 1981 levem?
893 1944 1023 1980 Immo
1040 1941 1324 1991 gravissimum.
1375 1940 1599 1979 Mobilem?

268 2009 399 2047 Immo
441 2007 817 2046 constantissimum.
892 2007 1171 2045 Familiarem?
1244 2007 1375 2044 Immo
1413 2006 1598 2044 alienissi-

315 2122 325 2142 1
355 2122 420 2143 non
448 2112 573 2142 maiore
599 2112 637 2151 ς’,
666 2111 850 2152 Angelius:
882 2122 948 2142 non
974 2111 1103 2142 minore
1128 2114 1217 2141 celt.:
1253 2110 1384 2141 minore
1408 2109 1597 2140 Mommsen

268 2166 287 2195 4
311 2160 491 2196 praeterea
508 2156 548 2194 ff,
576 2155 746 2186 Turnebus
893 2157 914 2185 6
938 2154 1134 2194 conffrditur
1151 2157 1176 2183 Ω
1321 2164 1337 2192 7
1363 2157 1396 2183 et
1414 2164 1455 2192 (3³5
1472 2154 1596 2184 malitia

269 2203 295 2230 Ω
443 2211 464 2238 9
488 2204 736 2230 consueverunt
761 2202 806 2229 Ωε
912 2209 948 2238 13
974 2209 1040 2228 non
1059 2197 1182 2237 iniquis
1199 2197 1312 2237 scripsi
1326 2197 1379 2238 <cſs
1401 2197 1486 2227 Καί).
1506 2196 1594 2227 Posi.

269 2243 326 2283 45)
342 2254 348 2274 :
374 2243 517 2274 inimicis
529 2242 617 2273 codd.
633 2254 640 2273 ε
667 2243 797 2273 civibus
814 2241 957 2272 Mz't'llcr:
982 2242 1041 2272 dcl.
1059 2240 1197 2281 Madmjg
1288 2242 1326 2270 18
1352 2241 1446 2271 inicit
1462 2239 1599 2280 Sylvius

269 2287 380 2326 coegit
397 2286 545 2317 Nizolius
563 2297 569 2315 :
595 2286 685 2325 cogit
702 2285 790 2317 codd.
936 2296 975 2315 22
1002 2285 1158 2316 Romano
1176 2284 1243 2315 b‘J':
1268 2294 1334 2315 om.
1352 2288 1419 2315 cett.
1557 2292 1598 2322 25

270 2330 439 2371 principio
456 2329 578 2360 Mzleer
696 2331 738 2360 26
763 2329 886 2360 nullius
904 2329 956 2359 o⁹k
973 2340 979 2359 :
1005 2329 1087 2359 nulli
1104 2331 1169 2359 cett.
