1747 2620
185 70 234 100 10
254 77 291 109 27
626 66 683 102 M.
713 65 883 102 TVLLI
915 65 1221 104 CICERONIS

251 178 293 216 P.
314 177 485 216 Rutilius
506 177 613 224 dixit,
633 184 671 215 et
692 189 740 215 eo
759 175 946 215 libentius
963 175 1059 215 dixit
1079 184 1121 215 ut
1137 177 1353 227 aliquando
1374 177 1414 216 in
1435 177 1582 217 iudicio

250 243 333 281 eius
363 242 591 281 testimonio
620 241 813 280 creditum
843 249 1056 292 putaretur.
1114 244 1208 280 Duo
1237 250 1438 293 praeterea
1465 251 1582 283 testes

250 307 347 346 nihil
374 308 424 346 de
451 309 498 355 vi,
522 308 593 346 sed
616 308 667 345 de
696 320 738 346 re
762 306 847 357 ipsa
872 314 991 356 atque
1016 308 1219 357 emptione
1240 307 1354 347 fundi
1374 308 1583 359 dixerunt;

251 375 292 412 P.
312 372 567 419 Caesennius,
584 379 721 410 auctor
741 371 863 418 fundi,
886 385 967 410 non
989 379 1067 410 tam
1084 372 1317 412 auctoritate
1337 375 1441 424 gravi
1463 388 1581 425 quam

249 451 424 488 corpore,
461 446 499 476 et
537 437 778 487 argentarius
818 438 903 475 Sex.
946 437 1112 477 Clodius
1151 437 1215 476 cui
1254 452 1478 489 cognomen
1523 448 1620 485 ests

252 504 449 551 Phormio,
473 517 547 542 nec
577 502 707 541 minus
737 502 845 553 niger
874 516 948 541 nec
978 502 1108 541 minus
1138 504 1345 542 confidens
1367 519 1486 555 quam
1518 505 1581 544 ille

249 569 511 607 Terentianus
541 576 599 607 est
627 567 826 614 Phormio,
858 567 956 606 nihil
985 569 1036 607 de
1065 568 1102 606 vi
1132 568 1446 617 dixerunt,‘nihil
1475 583 1583 620 prae-

190 644 230 675 28
250 641 354 673 terea
381 635 489 684 quod
514 635 566 672 ad
594 641 765 672 vestrum
795 633 986 672 iudicium
1016 634 1239 684 pertineret.
1300 636 1470 674 Decimo
1490 649 1581 674 vero

249 700 338 737 loco
377 699 485 737 testis
524 705 770 749 exspectatus
811 706 849 736 et
886 699 937 736 ad
971 706 1188 737 extremum
1219 707 1436 738 reservatus
1473 700 1579 749 dixit,

250 772 405 803 senator
426 764 563 815 populi
585 762 770 811 Romani,
793 764 979 813 splendor
1005 763 1166 812 ordinis,
1188 766 1310 803 decus
1331 773 1450 815 atque
1471 779 1582 808 orna·
1604 781 1642 803 10

251 838 427 868 mentum
462 829 709 876 iudiciorum,
744 829 941 878 exemplar
969 828 1155 879 antiquae
1186 830 1396 880 religionis,
1426 831 1580 869 Fidicu-

249 897 374 934 lanius
397 897 581 943 Falcula,
611 894 678 945 qui
710 908 801 932 cum
830 893 884 933 ita
909 895 1123 933 vehemens
1152 908 1322 946 acerque
1342 896 1513 935 venisset
1537 903 1581 935 ut

250 974 329 999 non
352 962 474 999 modo
505 960 720 1000 Caecinam
751 959 920 1010 periurio
950 973 1022 998 suo
1049 961 1222 999 laederet
1243 962 1314 1000 sed
1335 961 1452 1000 etiam
1484 961 1581 1000 mihi

249 1026 444 1066 videretur
476 1026 598 1073 irasci,
633 1026 686 1065 ita
718 1040 807 1065 eum
842 1025 1042 1076 placidum
1069 1027 1311 1078 mollemque
1340 1027 1506 1075 reddidi,
1538 1035 1581 1066 ut

250 1106 331 1131 non
369 1094 544 1141 auderet,
579 1092 680 1131 sicut
712 1091 959 1139 meministis,
995 1091 1136 1130 iterum
1172 1092 1303 1131 dicere
1337 1100 1434 1143 quot
1474 1092 1581 1131 milia
1602 1105 1640 1139 15

250 1160 394 1197 fundus
426 1171 519 1196 suus
550 1147 706 1196 abesset
737 1157 787 1195 ab
820 1157 926 1196 urbe.
998 1158 1102 1196 Nam
1133 1171 1225 1196 cum
1257 1157 1418 1197 dixisset
1450 1157 1579 1196 minus

251 1236 351 1271 1333,
376 1225 545 1274 populus
570 1236 660 1261 cum
688 1222 766 1260 risu
792 1222 1027 1260 adclamavit
1048 1222 1131 1273 ipsa
1155 1236 1252 1262 esse.
1313 1223 1580 1262 Meminerant

186 1307 230 1341 29
249 1289 354 1328 enim
386 1302 525 1328 omnes
560 1296 754 1338 quantum
788 1288 826 1326 in
860 1288 1032 1326 Albiano
1062 1288 1210 1327 iudicio
1241 1290 1469 1340 accepisset.
1531 1291 1579 1327 In

249 1369 339 1393 eum
361 1354 457 1405 quid
478 1354 607 1393 dicam
633 1353 707 1391 nisi
738 1353 777 1392 id
805 1354 914 1403 quod
934 1366 1076 1403 negare
1096 1367 1177 1392 non
1198 1354 1332 1405 possit,
1355 1354 1509 1393 venisse
1539 1355 1578 1393 in

248 1420 457 1459 consilium
487 1420 669 1470 publicae
697 1418 949 1469 quaestionis,
973 1432 1063 1457 cum
1085 1419 1168 1458 eius
1189 1420 1328 1458 consili
1350 1420 1467 1459 iudex
1497 1434 1578 1459 non
1600 1437 1640 1459 20

247 1494 360 1533 esset,
377 1493 414 1524 et
436 1485 475 1523 in
497 1499 546 1525 eo
565 1484 741 1532 consilio,
761 1498 852 1522 curn
869 1498 1027 1523 causam
1049 1498 1129 1523 non
1150 1485 1325 1524 audisset
1346 1494 1384 1525 et
1404 1494 1578 1537 potestas

247 1558 348 1590 esset
378 1549 605 1600 ampliandi,
630 1549 773 1588 dixisse
802 1548 875 1587 sibi
906 1549 1078 1599 liquere3
1108 1563 1199 1588 curn
1229 1551 1281 1589 de
1309 1550 1510 1602 incognita
1539 1567 1579 1591 re

247 1616 419 1655 iudicare
454 1615 651 1662 voluisset,
686 1614 870 1653 maluisse
900 1616 1166 1654 condemnare
1196 1629 1315 1666 quarn
1349 1617 1579 1666 absolvere3

248 1695 350 1729 cum,
373 1681 405 1719 si
426 1694 506 1720 uno
527 1682 658 1719 minus
680 1681 925 1727 damnarent,
947 1681 1204 1719 condemnari
1225 1695 1313 1720 reus
1328 1696 1409 1721 non
1429 1692 1575 1733 posset,

248 1761 329 1786 non
358 1749 408 1786 ad
438 1747 758 1797 cognoscendam
783 1759 942 1784 causam
972 1747 1041 1784 sed
1071 1747 1121 1784 ad
1151 1748 1386 1796 explendam
1416 1750 1577 1788 damna·
1598 1762 1638 1794 ²5

248 1812 396 1851 tionem
414 1819 567 1862 praesto
583 1811 733 1850 fuisse?
781 1813 922 1849 Vtrum
942 1810 1094 1861 gravius
1115 1811 1264 1862 aliquid
1285 1812 1325 1850 in
1346 1814 1574 1864 quempiam

247 1878 325 1917 dici
345 1885 474 1929 potest
496 1891 614 1928 quam
637 1878 688 1916 ad
709 1876 913 1915 hominem
944 1878 1297 1917 condemnandum
1320 1892 1441 1929 quem
1465 1893 1577 1919 num-

294 1993 307 2013 1
335 1988 369 2014 et
385 1993 424 2014 eo
443 2007 450 2014 .
472 2006 479 2013 .
501 2008 507 2014 .
527 1982 610 2013 dixit
632 1992 698 2013 om.
729 1982 758 2013 T
865 1980 1041 2020 aliquando
1069 1980 1113 2011 T:
1139 1981 1249 2020 aliquo
1274 1986 1339 2013 cell.
1496 1994 1516 2023 3
1540 1995 1576 2015 re

253 2027 351 2058 TEk:
376 2037 441 2057 om.
458 2029 522 2057 cett.
681 2037 700 2064 4
727 2025 838 2065 gravis
860 2025 880 2055 k
1030 2034 1049 2063 5
1075 2035 1263 2064 cognomen
1293 2026 1334 2056 T:
1365 2037 1486 2057 nomen
1508 2031 1572 2059 cett.

247 2072 268 2101 6
292 2081 390 2110 quam
409 2074 460 2101 est
479 2070 532 2100 ille
543 2070 620 2099 Ter.
640 2070 798 2100 Phormio
815 2068 953 2108 Quintil.
966 2068 1008 2098 vi.
1023 2078 1052 2107 3.
1068 2070 1109 2106 56
1217 2080 1256 2100 10
1279 2075 1379 2108 atque
1397 2069 1441 2100 T:
1466 2082 1575 2111 aeque

249 2114 432 2154 (equestris
449 2112 498 2151 ΕΖ)
516 2113 596 2144 Εῗῑ
624 2125 708 2153 eque
727 2118 790 2145 cell.
894 2122 928 2142 11
959 2112 1111 2142 Fidico:
1137 2112 1248 2143 Fidec.
1265 2117 1332 2144 cell.
1438 2116 1476 2144 16
1490 2115 1571 2154 fort.

247 2159 382 2189 abesset
399 2158 440 2188 ab
458 2158 540 2187 urbe
560 2158 682 2189 fundus
701 2170 782 2189 suus
802 2159 851 2198 <cf
872 2155 1036 2194 Zielinski,
1053 2162 1087 2196 p.
1111 2157 1185 2186 1663
1311 2157 1434 2192 minus]
1452 2158 1575 2189 habere

249 2202 384 2239 (abesse
401 2202 443 2241 (ἶ)
463 2202 538 2233 add.
560 2203 647 2234 codd.
668 2215 674 2234 :
698 2203 756 2233 del.
777 2201 909 2231 Ernrsli
1019 2209 1054 2238 17
1081 2209 1141 2229 1.111
1160 2199 1245 2231 codd.
1265 2212 1271 2230 :
1296 2211 1374 2231 corr.
1395 2200 1504 2231 Keller
1520 2202 1573 2242 (cf

248 2245 342 2276 Rosc.
363 2245 454 2277 Com.
478 2248 531 2286 11)
692 2248 729 2276 18
751 2246 893 2275 Albiano
911 2243 958 2275 (ἴς
984 2242 1138 2273 Abbiano
1155 2247 1219 2274 cell.
1376 2255 1416 2274 22
1441 2255 1514 2275 cum
1533 2246 1574 2275 de

249 2289 420 2328 incognita
440 2291 532 2329 (dein
552 2301 649 2330 cogn.
666 2289 712 2333 E)
736 2289 817 2321 TE:
841 2289 919 2319 dum
937 2287 1104 2326 incognita
1122 2291 1186 2318 cett.
1347 2298 1388 2327 23
1411 2287 1575 2319 voluisset

254 2331 315 2363 Tek
329 2344 336 2364 :
362 2333 525 2366 noluisset
540 2339 606 2367 cett.
