1716 2662
604 72 925 112 PRAEFATIO

159 182 356 221 Orationis
391 194 461 232 pro
494 180 657 220 Rabirio
689 179 968 230 perduellionis
999 194 1065 220 reo
1099 182 1326 231 particulam
1356 182 1423 219 Pa-

106 247 328 297 limpsestus
355 247 608 285 Taurinensis
635 244 711 297 (P)
738 246 989 284 continebat:
1023 247 1119 285 alter
1147 245 1425 296 Palimpsestus

106 312 319 350 Vaticanus
341 311 422 364 (V)
443 311 702 361 fragmentum
733 322 878 348 novum
910 310 1080 359 praebet.
1143 309 1311 360 Reliqua
1341 323 1425 360 pars

105 383 143 415 et
172 378 274 415 duae
303 389 404 426 quae
434 382 580 414 restant
610 374 859 413 defensiones
891 388 937 412 ex
969 376 1195 425 apographo
1227 374 1426 424 Poggiano

106 442 292 491 pendent.
343 442 600 479 Decurtatum
622 437 740 477 fuisse
760 440 1013 489 archetypum
1035 441 1249 478 ostendunt
1266 453 1426 478 mancae

105 519 175 555 pro
207 505 369 544 Rabirio
400 503 677 555 perduellionis
705 516 771 542 reo
801 511 838 542 et
869 517 939 553 pro
968 505 1016 553 Q.
1042 505 1189 543 Roscio
1219 505 1423 553 orationes,

106 572 285 621 squalore
306 579 343 609 et
365 570 546 609 sordibus
567 570 830 608 deformatum
851 570 990 607 foedae
1011 583 1111 619 quae
1136 571 1176 608 in
1197 571 1426 609 defensione

107 637 283 674 Postumi
305 642 513 673 occurrunt
533 633 813 683 corruptiones.
873 634 993 682 Quod
1017 635 1068 672 ad
1092 634 1250 673 codices
1276 634 1424 681 attinet,

107 701 284 739 omnium
305 702 384 739 fere
405 699 524 738 instar
544 703 577 737 Ω
598 712 682 737 esse
703 697 887 737 arbitror:
920 700 1010 737 huic
1037 699 1203 749 proximi
1227 708 1317 738 sunt
1338 702 1426 738 cod.

108 764 347 803 Matritensis
369 763 440 815 (μ),
465 772 502 803 et
532 764 730 802 Parisinus
759 764 887 802 Nom).
910 765 1000 813 Acq.
1030 766 1131 814 1564
1152 763 1230 815 (p),
1255 765 1321 815 qui
1349 764 1429 815 qui-

107 831 197 868 dem
228 829 444 868 orationem
474 842 544 879 pro
568 829 618 877 Q.
644 827 790 866 Roscio
819 841 899 866 non
930 829 1088 867 habent.
1150 829 1302 869 Ceteris
1332 830 1428 869 inte-

107 895 250 941 griores
272 902 363 933 sunt
383 907 470 940 mos,
493 893 629 943 reliqui
651 892 885 931 coniecturis
906 892 1172 931 refertissimi.¹

163 959 368 998 Editiones
389 959 569 1009 pristinas
591 960 668 996 fere
689 971 827 996 omnes
848 965 1108 1008 perscrutatus
1126 972 1212 996 sum
1234 966 1270 997 et
1293 959 1332 997 id
1353 958 1426 1009 egi,

109 1031 299 1074 quantum
343 1023 382 1061 in
428 1036 491 1061 me
533 1022 614 1070 suit,
656 1030 698 1060 ut
737 1035 849 1060 suum
889 1022 1031 1072 cuique
1069 1024 1283 1071 redderem,
1325 1025 1429 1063 velut

110 1088 291 1127 Manutio
325 1088 455 1138 aliqua
488 1087 635 1126 restitui
666 1100 767 1137 quae
803 1088 1061 1126 Lauredano²
1097 1096 1134 1126 et
1169 1090 1332 1136 Faerno,
1363 1089 1430 1139 qui

108 1153 191 1192 eius
225 1153 398 1192 editione
434 1153 610 1192 secunda
644 1152 702 1190 usi
735 1160 835 1200 sunt,
867 1154 983 1202 vulgo
1012 1160 1174 1203 accepta
1202 1155 1427 1193 referuntur.

110 1218 307 1258 Orationis
345 1231 416 1268 pro
455 1220 645 1256 Postumo
684 1216 805 1256 editio
843 1218 1000 1256 aureola
1033 1231 1054 1255 a
1090 1217 1258 1257 Patricio
1297 1226 1429 1258 curata

109 1284 405 1324 emendationes
452 1283 601 1333 aliquot
646 1283 771 1321 bonas
817 1282 936 1321 habet
983 1283 1173 1322 hactenus
1220 1285 1427 1334 neglectas.

110 1349 395 1400 Castigationes
429 1347 594 1387 Puteani
630 1349 711 1386 eius
747 1361 865 1385 manu
901 1347 1062 1397 scriptas
1093 1347 1225 1387 inveni
1258 1348 1298 1386 in
1332 1349 1431 1388 libro

111 1414 286 1453 Parisino
306 1413 405 1464 typis
430 1413 618 1463 impresso
640 1412 750 1462 (Res.
773 1426 806 1451 x.
832 1412 991 1463 371-2),
1015 1413 1094 1460 sed,
1116 1412 1190 1450 nisi
1211 1414 1329 1460 fallor,
1354 1415 1430 1452 fere

110 1493 247 1519 omnes
269 1480 345 1517 iam
368 1487 484 1517 notae
504 1486 604 1517 sunt.

165 1547 227 1584 De
246 1544 334 1584 viris
354 1544 481 1584 doctis
502 1543 568 1594 qui
591 1557 654 1582 me
678 1543 821 1582 auxilio
844 1556 916 1582 suo
942 1543 1174 1582 adiuverunt
1200 1545 1430 1584 nominandi

110 1618 200 1649 sunt
225 1611 272 1649 G.
299 1609 423 1660 Biagi,
448 1608 717 1647 Bibliothecae
748 1608 1034 1647 Laurentianae
1063 1610 1297 1656 Praefectus,
1321 1609 1431 1648 cuius

109 1675 303 1714 beneficio
331 1676 459 1725 plures
480 1673 638 1713 codices
658 1687 757 1724 quos
780 1673 999 1712 Florentiae
1018 1673 1262 1724 inspexeram
1286 1675 1430 1713 Oxonii

110 1740 150 1779 in
172 1739 418 1778 Bibliotheca
439 1739 656 1778 Bodleiana
675 1741 879 1778 consulere
901 1739 994 1777 mihi
1016 1739 1147 1787 licuit3
1178 1741 1249 1779 Ed.
1275 1741 1430 1779 Strobel

111 1804 375 1851 Monacensis,
398 1803 464 1853 qui
495 1803 588 1841 mihi
618 1817 699 1841 non
729 1804 856 1842 solum
886 1803 1069 1842 codicum
1104 1806 1141 1842 V
1157 1813 1194 1843 et
1221 1806 1263 1842 P
1284 1818 1426 1843 novam

110 1868 359 1907 collationem
389 1882 411 1906 a
437 1882 477 1906 se
504 1870 646 1907 factam
673 1868 950 1916 commodavit,
979 1870 1048 1907 sed
1078 1869 1195 1908 etiam
1226 1870 1424 1920 ingentem

110 1933 323 1973 lectionum
344 1935 533 1972 variarum
560 1933 714 1984 copiam
742 1947 788 1972 ex
809 1934 1092 1985 quinquaginta
1119 1936 1197 1974 fere
1224 1935 1429 1974 codicibus

154 2073 167 2095 ¹
191 2074 272 2105 Cod.
297 2073 451 2105 Ambros.
472 2075 510 2106 C.
535 2085 589 2104 121
613 2075 681 2106 inf..
702 2085 800 2115 quem
822 2075 855 2104 in
880 2075 1076 2105 defensione
1100 2075 1248 2106 Postumi
1268 2076 1427 2114 optimum

112 2128 187 2149 esse
204 2118 383 2148 arbitratus
400 2124 450 2148 est
468 2118 504 2149 C.
527 2118 560 2149 F.
582 2118 639 2149 W.
658 2118 789 2155 Muller,
809 2118 945 2155 contuli⁷
967 2119 1026 2148 sed
1045 2118 1118 2148 sine
1134 2119 1257 2148 fructu.

154 2161 166 2181 ²
191 2161 443 2199 Quaestionem.
459 2172 545 2200 quae
562 2166 681 2192 exorta
697 2167 757 2195 est.
775 2166 883 2192 utrum
903 2162 985 2191 haec
1005 2162 1107 2192 editio
1124 2161 1311 2191 Lauredani
1331 2161 1428 2193 suerit

111 2215 154 2235 an
173 2204 314 2242 Sigonii,
341 2209 483 2235 tractare
507 2204 608 2236 nolui.
658 2205 767 2243 Saepe
791 2210 907 2234 auctor
930 2205 971 2234 ad
1002 2204 1176 2243 Sigonium
1209 2210 1367 2243 provocat
1397 2210 1428 2236 et

113 2258 187 2278 eum
212 2247 364 2277 laudibus
387 2248 541 2279 cumulat.
590 2248 687 2286 Quod
707 2249 734 2278 si
759 2248 888 2286 Sigonii
909 2257 993 2286 opus
1015 2247 1067 2280 sit.
1088 2248 1158 2278 iure
1179 2247 1347 2288 plectitur,
1372 2248 1427 2288 qui

113 2301 187 2322 sese
204 2290 500 2331 pulcherrimarum
518 2292 788 2323 emendationum
806 2291 904 2322 laude
922 2291 1086 2321 fraudavit

779 2358 823 2383 XV
