1716 2662
37 802 75 824 10

37 1456 76 1479 20

38 1785 75 1817 25

401 86 510 125 PRO
545 88 587 124 A.
622 87 874 126 CAECINA
905 88 1125 126 ORATIO
1401 97 1426 136 7
1448 103 1486 136 19

95 199 270 250 possedit
301 198 576 240 Caesenniae?
637 203 646 220 ‘
669 201 774 238 Vsus
807 199 925 247 enim,
951 199 1091 250 inquit,
1118 203 1128 220 ‘
1148 200 1232 239 eius
1253 199 1366 239 fundi
1386 207 1425 238 et

94 265 242 303 fructus
259 272 495 304 testamento
512 265 581 304 viri
602 267 726 304 fuerat
747 265 1023 305 Caesenniae.'
1074 267 1175 306 Cum
1199 268 1278 304 hoc
1298 279 1425 304 novae
1446 280 1486 301 20

95 329 170 369 litis
201 344 324 381 genus
359 338 439 369 tam
469 330 664 369 malitiose
698 326 930 379 intenderet,
962 330 1110 382 placuit
1141 331 1340 371 Caecinae
1373 331 1424 370 de

94 395 312 434 amicorum
332 397 529 435 sententia
549 396 801 444 constituere,
824 411 904 447 quo
926 397 991 435 die
1012 396 1051 435 in
1073 411 1154 435 rem
1176 404 1421 448 praesentem

95 463 290 501 veniretur
310 470 349 501 et
369 464 419 502 de
441 464 565 502 fundo
588 464 762 502 Caecina
782 462 957 501 moribus
982 463 1253 501 deduceretur.
1314 463 1421 502 Con·

94 528 333 577 loquuntur3
361 528 445 567 dies
473 542 520 567 ex
546 528 749 578 utriusque
770 529 985 567 commodo
1016 527 1190 566 sumitur.
1251 527 1424 567 Caecina

94 606 183 630 cum
209 593 346 631 amicis
375 595 426 632 ad
456 593 562 632 diem
583 595 690 631 venit
710 593 750 631 in
771 594 975 632 castellum
1004 592 1157 640 Axiam,
1179 606 1202 631 a
1229 607 1309 643 quo
1334 594 1423 632 loco

94 658 238 696 fundus
270 657 301 696 is
334 659 384 697 de
415 672 495 708 quo
526 658 652 708 agitur
680 671 761 696 non
790 659 905 708 longe
936 658 1058 696 abest.
1120 657 1181 696 Ibi
1212 657 1351 696 certior
1380 659 1423 695 fit

94 736 117 759 a
136 722 312 772 pluribus
334 723 514 761 homines
535 724 751 773 permultos
773 722 916 761 liberos
943 730 1062 772 atque
1089 736 1220 760 servos
1248 722 1423 772 coegisse

95 796 132 826 et
161 802 332 826 armasse
351 787 580 826 Aebutium.
642 788 744 827 Cum
775 787 816 826 id
845 787 986 838 partim
1017 788 1258 834 mirarentur,
1281 786 1422 837 partim

94 867 175 891 non
205 853 421 900 crederent,
439 866 532 891 ecce
558 852 643 902 ipse
672 852 867 892 Aebutius
897 852 938 890 in
968 854 1171 891 castellum
1192 852 1324 900 venit3
1352 853 1419 891 de-

95 919 248 958 nuntiat
278 919 473 959 Caecinae
503 932 544 957 se
573 926 743 957 armatos
773 919 943 966 habere3
980 918 1179 957 abiturum
1215 932 1305 956 eum
1340 932 1423 957 non

94 999 190 1033 esse,
213 984 245 1023 si
263 984 503 1023 accessisset.
555 984 751 1024 Caecinae
773 984 919 1034 placuit
939 992 977 1022 et
999 983 1146 1030 amicis,
1165 984 1298 1033 quoad
1318 983 1423 1023 vide-

95 1059 198 1090 retur
227 1051 334 1089 salvo
364 1050 492 1100 capite
512 1049 595 1088 fieri
625 1063 753 1100 posse,
776 1049 939 1100 experiri
966 1056 1110 1088 tamen.
1171 1050 1233 1087 De
1262 1050 1423 1088 castello
1445 1063 1479 1086 21

96 1117 354 1163 descendunt,
396 1114 436 1153 in
475 1116 643 1154 fundum
691 1115 1001 1166 proficiscuntur.
1072 1115 1240 1154 Videtur
1277 1122 1424 1154 temere

95 1180 363 1228 commissum,
382 1194 527 1227 verum,
551 1188 595 1219 ut
614 1180 765 1231 opinor,
790 1182 867 1220 hoc
886 1180 959 1219 fuit
979 1194 1144 1219 causae:
1175 1188 1253 1218 tarn
1276 1188 1423 1219 temere

95 1246 212 1285 istum
251 1261 290 1285 re
329 1246 633 1285 commissurum
673 1260 792 1297 quam
831 1246 958 1285 verbis
1006 1246 1261 1295 minitabatur
1304 1259 1424 1285 nemo

95 1311 256 1363 putavit.
314 1314 447 1362 Atque
481 1311 553 1350 iste
582 1313 634 1350 ad
664 1312 792 1351 omnis
824 1311 1003 1351 introitus
1034 1326 1112 1362 qua
1141 1311 1238 1350 adiri
1272 1319 1424 1362 poterat
1444 1312 1470 1351 8

94 1392 175 1417 non
208 1379 328 1417 modo
356 1377 396 1416 in
427 1392 518 1416 eum
549 1379 717 1416 fundum
747 1379 797 1417 de
830 1392 910 1428 quo
939 1385 1020 1416 erat
1049 1376 1324 1424 controversia,
1353 1377 1424 1416 sed

95 1443 211 1482 etiam
233 1443 273 1481 in
295 1443 403 1482 illum
425 1442 647 1494 proximum
668 1445 717 1482 de
739 1458 819 1494 quo
839 1443 936 1481 nibil
957 1443 1229 1494 ambigebatur
1255 1450 1424 1482 armatos

95 1508 275 1548 homines
297 1508 476 1559 opponit.
535 1510 678 1558 Itaque
697 1508 824 1559 primo
852 1523 942 1547 curn
964 1508 1003 1546 in
1025 1508 1231 1558 antiquum
1255 1509 1422 1547 fundum

94 1572 244 1624 ingredi
274 1575 399 1620 vellet,
423 1574 533 1623 quod
563 1588 610 1612 ea
638 1574 814 1624 proxime
843 1573 979 1613 accedi
1009 1581 1171 1624 poterat,
1201 1575 1423 1623 frequentes

93 1639 231 1678 armati
255 1639 502 1678 obstiterunt.
563 1640 656 1687 Quo
677 1641 767 1678 loco
787 1640 975 1689 depulsus
997 1638 1171 1679 Caecina
1192 1646 1324 1677 tamen
1345 1653 1423 1689 qua
1445 1651 1482 1673 22

94 1704 221 1755 potuit
251 1705 302 1743 ad
332 1718 423 1743 eum
452 1705 621 1743 fundum
651 1705 850 1755 profectus
881 1710 938 1742 est
964 1703 1003 1742 in
1037 1718 1116 1754 quo
1146 1718 1192 1742 ex
1224 1712 1423 1742 conventu

95 1770 173 1808 vim
208 1769 290 1808 fleri
321 1769 528 1819 oportebat
544 1783 555 1818 3
599 1768 681 1807 eius
715 1777 848 1808 autem
883 1769 995 1808 fundi
1028 1776 1241 1808 extremam
1273 1776 1422 1819 partem

95 1837 205 1874 oleae
235 1837 394 1874 derecto
423 1835 562 1874 ordine
591 1834 796 1874 definiunt.
856 1836 921 1874 Ad
949 1849 1014 1873 eas
1043 1849 1133 1873 cum
1159 1836 1420 1882 accederetur,

95 1900 167 1940 iste
188 1915 278 1940 cum
309 1901 494 1939 omnibus
521 1900 645 1950 copiis
672 1908 827 1950 praesto
848 1900 921 1938 fuit
945 1914 1180 1950 servumque
1211 1913 1325 1938 suum
1356 1913 1423 1938 no-

95 1966 201 2005 mine
230 1965 474 2004 Antiochum
500 1966 552 2004 ad
577 1978 619 2003 se
648 1965 801 2004 vocavit
826 1973 864 2004 et
891 1979 988 2004 voce
1014 1967 1117 2004 clara
1147 1964 1351 2015 imperavit
1381 1973 1424 2003 ut

138 2082 156 2110 3
183 2070 347 2101 malitiose
365 2070 446 2101 TEw
462 2081 468 2100 :
485 2069 690 2100 maleficiose
704 2073 770 2100 cett.
857 2069 1048 2101 intenderet
1069 2068 1202 2100 TEMlk
1217 2081 1223 2099 :
1241 2069 1425 2099 intenderit

95 2118 159 2146 cett.
252 2124 271 2154 5
297 2115 517 2145 conlocuntur
539 2114 568 2145 T
668 2124 684 2152 7
711 2124 729 2143 a
748 2113 956 2143 Lambinus:
982 2124 1025 2144 ex
1040 2112 1130 2144 codd.
1208 2109 1243 2142 ‘8
1268 2112 1295 2142 is
1312 2123 1377 2143 om.
1398 2112 1429 2142 T

100 2169 133 2189 11
153 2158 248 2190 venit
265 2163 300 2189 et
317 2158 447 2189 nuntiat
470 2157 499 2187 T
586 2168 622 2196 14
648 2157 795 2196 experiri
810 2157 878 2187 Ek:
905 2156 1057 2196 expediri
1076 2160 1139 2186 cell.
1200 2155 1331 2196 tamen]
1352 2160 1422 2185 tum

95 2201 146 2232 c'2k
278 2213 315 2241 17
342 2213 376 2232 re
394 2213 459 2232 om.
482 2201 563 2231 Mw:
589 2212 659 2232 rem
678 2201 708 2232 ς’
796 2200 1010 2231 minitabatur
1033 2200 1114 2231 TEa.
1134 2198 1261 2229 Faber:
1286 2198 1424 2229 nuncia-

96 2245 193 2276 batur
208 2249 272 2276 ccll.
434 2256 472 2285 19
496 2250 567 2275 erat
585 2250 735 2275 controv.
761 2244 837 2275 TE:
863 2249 1012 2274 controv.
1034 2243 1141 2273 fuerat
1158 2246 1222 2274 cell.
1382 2253 1422 2280 24

96 2294 148 2320 est
163 2289 266 2330 suppl.
286 2288 459 2320 Hotoman
581 2289 613 2318 in
634 2299 701 2327 quo
725 2287 816 2319 TEe:
841 2298 883 2318 ex
900 2298 966 2327 quo
984 2291 1049 2318 cett.
1219 2288 1261 2318 26
1286 2287 1422 2317 derecto

96 2332 238 2363 Mamer:
262 2334 398 2364 decreto
422 2332 467 2364 T:
492 2333 619 2364 directo
635 2335 702 2363 cett.
859 2332 900 2362 28
924 2336 957 2363 et
975 2341 1057 2363 voce
1075 2330 1162 2363 clara
1183 2330 1257 2363 TE:
1284 2336 1316 2361 ct
1334 2331 1422 2362 clara

96 2376 196 2418 (clam
214 2377 266 2419 wc)
284 2387 364 2409 voce
381 2380 445 2408 cett.
