1747 2620
201 89 227 116 2
249 92 266 127 7
616 79 671 116 M.
704 77 872 115 TVLLI
905 76 1212 116 CICERONIS

201 197 226 236 3
248 196 366 228 catur.
427 188 504 239 Qui
537 188 652 240 igitur
689 188 886 236 convenit,
928 201 1029 238 quae
1064 200 1181 225 causa
1213 185 1326 225 suerit
1356 186 1406 224 ad
1439 184 1580 224 consti-

248 256 440 294 tuendum
471 254 673 302 iudicium,
707 255 876 293 eandem
908 267 1056 292 moram
1093 267 1178 291 esse
1207 254 1257 291 ad
1293 251 1580 291 iudicandum?

248 319 287 358 Si
315 319 402 370 quis
433 320 541 370 quod
570 318 800 369 spopondit,
819 332 897 368 qua
926 317 966 356 in
997 332 1036 356 re
1057 318 1177 356 verbo
1202 331 1243 356 se
1272 331 1352 356 uno
1381 316 1576 368 obligavit,

248 383 289 423 id
327 398 407 423 non
446 383 549 431 facit,
591 392 746 422 maturo
784 382 933 422 iudicio
977 383 1061 421 sine
1100 384 1184 421 ulla=
1217 382 1402 433 religione
1441 381 1580 421 iudicis

248 450 560 497 condemnatur3
602 447 670 499 qui
709 462 778 499 per
820 449 981 486 tutelam
1021 455 1088 485 aut
1128 447 1355 486 societatem
1394 456 1460 486 aut
1499 462 1579 486 rem
1603 461 1619 492 5

250 515 475 553 mandatam
507 522 574 552 aut
611 514 781 553 fiduciae
813 513 1005 552 rationem
1041 513 1233 552 fraudavit
1268 513 1505 564 quempiam,
1541 513 1581 552 in

208 590 226 619 8
249 593 297 618 eo
329 593 408 630 quo
442 579 631 618 delictum
664 579 789 618 maius
819 587 889 626 est,
926 593 974 617 eo
1004 593 1133 629 poena
1163 586 1221 618 est
1255 579 1429 618 tardior?
1489 582 1582 618 ‘Est

249 644 355 683 enim
391 653 503 695 turpe
541 645 757 684 iudicium.'
827 646 887 683 Ex
920 646 1025 684 facto
1065 645 1227 695 quidem
1266 644 1379 696 turpi.
1438 645 1582 684 Videte

250 709 364 761 igitur
403 724 521 761 quam
566 710 701 761 inique
740 710 905 757 accidat,
946 710 1039 761 quia
1083 724 1142 749 res
1186 710 1348 761 indigna
1391 711 1450 759 sit,
1491 710 1581 750 ideo

250 782 403 826 turpem
425 775 753 814 existimationem
774 775 911 826 sequi3
938 775 1030 826 quia
1050 776 1172 826 turpis
1193 775 1427 815 existimatio
1448 790 1583 827 sequa·
1605 789 1642 811 10

251 848 323 889 tur,
346 841 436 880 ideo
457 855 538 880 rem
559 841 762 891 indignam
793 855 874 879 non
895 841 1096 879 vindicari.
1157 844 1217 880 Ac
1238 841 1268 880 si
1297 842 1363 893 qui
1386 841 1480 880 mihi
1505 844 1582 882 hoc

250 906 368 946 iudex
400 914 696 958 recuperatorve
725 906 854 946 dicat:
898 906 1082 958 ‘potuisti
1112 907 1218 946 enim
1251 908 1394 947 leviore
1427 908 1583 947 actione

251 972 471 1023 confligere,
505 972 667 1023 potuisti
706 973 757 1011 ad
789 980 900 1011 tuum
936 972 995 1011 ius
1029 972 1202 1012 faciliore
1240 981 1279 1012 et
1313 974 1584 1013 commodiore

250 1037 397 1077 iudicio
424 1038 649 1089 pervenire3
679 1052 756 1089 qua
783 1053 823 1077 re
846 1046 914 1077 aut
934 1046 1043 1077 muta
1069 1038 1267 1078 actionem
1296 1047 1363 1078 aut
1383 1039 1463 1078 noli
1489 1039 1584 1078 mihi

251 1102 397 1143 instare
429 1111 470 1142 ut
501 1104 673 1143 iudicem
703 1105 864 1151 tamen‚'
894 1103 925 1142 is
957 1111 1025 1142 aut
1054 1103 1229 1143 timidior
1257 1104 1436 1143 videatur
1464 1119 1583 1155 quam
1607 1119 1642 1150 15

251 1170 402 1216 fortem,
424 1177 491 1208 aut
512 1169 692 1220 cupidior
718 1184 837 1220 quam
860 1169 1079 1221 sapientem
1104 1169 1277 1209 iudicem
1297 1184 1382 1209 esse
1411 1185 1583 1221 aequum

250 1242 320 1282 est,
356 1234 388 1273 si
417 1242 484 1274 aut
518 1234 615 1273 mihi
650 1234 889 1286 praescribat
921 1249 1040 1286 quem
1074 1236 1126 1274 ad
1161 1237 1326 1274 modum
1357 1250 1489 1274 meum
1523 1235 1583 1274 ius

250 1313 471 1350 persequar,
494 1308 562 1339 aut
592 1299 675 1351 ipse
703 1299 743 1339 id
771 1301 879 1351 quod
906 1301 957 1339 ad
988 1314 1029 1340 se
1054 1301 1230 1339 delatum
1258 1301 1307 1339 sit
1333 1315 1414 1340 non
1439 1302 1583 1340 audeat

249 1364 434 1404 iudicare.
496 1365 657 1404 Etenim
691 1365 723 1404 si
748 1373 904 1416 praetor
934 1365 964 1404 is
992 1365 1059 1416 qui
1089 1365 1235 1405 iudicia
1264 1368 1332 1406 dat
1364 1380 1581 1417 numquam

249 1431 405 1483 petitori
435 1431 655 1482 praestituit
681 1445 760 1482 qua
783 1431 940 1470 actione
969 1431 1079 1469 illum
1104 1430 1160 1469 uti
1181 1431 1284 1479 velit,
1305 1432 1436 1471 videte
1463 1446 1580 1482 quam
1603 1447 1644 1469 20

249 1498 431 1549 iniquum
458 1497 507 1536 sit
528 1497 742 1536 constituta
767 1496 844 1535 iam
870 1511 909 1536 re
931 1496 1101 1536 iudicem
1125 1497 1221 1547 quid
1243 1497 1304 1547 agi
1326 1498 1496 1548 potuerit
1515 1506 1583 1537 aut

207 1578 226 1610 9
250 1563 346 1614 quid
373 1563 507 1614 possit,
540 1577 621 1602 non
652 1563 747 1613 quid
772 1570 905 1601 actum
936 1562 984 1600 sit
1016 1576 1212 1612 quaerere.
1272 1564 1419 1601 Verum
1451 1571 1583 1603 tamen

249 1628 393 1668 nimiae
427 1636 577 1668 vestrae
613 1628 845 1678 benignitati
881 1642 1116 1678 pareremus,
1158 1627 1189 1665 si
1228 1628 1302 1667 alia
1340 1628 1490 1668 ratione
1524 1629 1583 1668 ius

250 1702 426 1733 nostrum
448 1708 675 1745 recuperare
703 1707 920 1744 possemus.
983 1695 1100 1732 Nunc
1121 1708 1212 1732 vero
1236 1694 1326 1744 ‘quis
1347 1702 1405 1733 est
1429 1694 1495 1746 qui
1516 1703 1583 1734 aut

249 1759 327 1798 vim
352 1759 581 1799 hominibus
613 1760 771 1797 armatis
802 1760 944 1797 factam
975 1758 1142 1809 relinqui
1171 1768 1281 1809 putet
1310 1769 1489 1810 oportere
1516 1768 1582 1799 aut
1605 1772 1641 1804 25

247 1823 330 1863 eius
371 1824 423 1864 rei
471 1824 656 1863 leviorem
700 1824 897 1864 actionem
941 1824 1055 1863 nobis
1103 1823 1274 1875 aliquam
1315 1827 1584 1866 demonstrare

248 1889 400 1940 possit?
458 1892 516 1928 Ex
547 1903 627 1940 quo
655 1904 797 1940 genere
828 1890 991 1941 peccati,
1015 1897 1057 1928 ut
1084 1889 1137 1928 illi
1165 1890 1378 1939 clamitant,
1401 1893 1461 1930 vel
1488 1890 1606 1931 inin-¹

291 2004 310 2024 2
335 1995 479 2036 moram]
500 1996 615 2026 horam
642 1995 715 2026 TEa
886 2007 905 2036 3
931 1996 1039 2037 quod]
1059 1997 1138 2036 quid
1156 1996 1321 2029 Francken
1453 2008 1519 2028 uno
1536 1997 1587 2029 lu'c

245 2037 321 2069 hab.
355 2037 391 2076 T,
411 2042 486 2079 post
510 2039 609 2080 oblig.
640 2040 683 2078 P,
708 2043 786 2070 ante
812 2051 848 2071 se
873 2044 939 2071 cett.
1118 2051 1137 2079 4
1164 2040 1214 2081 id]
1239 2041 1268 2072 si
1293 2041 1324 2071 id
1348 2040 1387 2081 P,
1416 2041 1583 2072 Francken

246 2081 363 2113 iudicis
385 2081 469 2114 Pffz
497 2083 628 2115 iudiciis
655 2087 721 2115 cett.
898 2084 918 2114 8
943 2095 985 2115 ex
1003 2108 1009 2115 .
1031 2108 1038 2116 .
1059 2107 1065 2115 .
1087 2084 1176 2123 turpi
1194 2084 1245 2115 P:
1271 2089 1303 2115 et
1323 2109 1331 2117 .
1349 2108 1357 2116 .
1376 2109 1383 2117 .
1405 2089 1501 2125 turpe
1518 2089 1582 2118 cett.

249 2135 283 2155 11
311 2125 450 2157 iudicari
470 2126 567 2158 Mastia
671 2137 709 2158 ac
724 2127 842 2158 PET:
867 2132 899 2158 at
916 2131 979 2158 cett.
1087 2129 1144 2167 qui
1162 2128 1215 2158 P:
1239 2129 1313 2168 quis
1331 2132 1395 2160 cell.
1546 2139 1583 2160 12

246 2168 375 2200 leniore
396 2170 530 2208 Jordan
693 2181 731 2211 13
756 2171 814 2212 ad]
839 2172 927 2202 enim
951 2171 994 2202 ad
1015 2171 1060 2208 (id
1079 2172 1116 2211 ω)
1142 2171 1223 2203 Tm?
1378 2182 1414 2211 15
1440 2172 1582 2204 iudicem

247 2212 381 2252 tamen,'
401 2214 431 2244 is
449 2214 596 2246 Mz'iller:
633 2214 788 2253 iudicem,
806 2219 919 2246 tamen
939 2215 966 2246 is
978 2215 1105 2255 priores
1285 2226 1320 2254 17
1345 2216 1532 2256 perscribat
1559 2215 1589 2246 T

251 2255 289 2286 18
314 2267 379 2288 non
399 2268 464 2288 om.
490 2257 520 2288 T
670 2269 711 2297 24
736 2258 791 2298 qui
809 2263 866 2289 aut
884 2258 935 2289 P:
968 2263 1024 2290 aut
1047 2258 1103 2299 qui
1121 2262 1187 2290 cell.
1324 2269 1364 2298 25
1389 2260 1583 2291 hominibus

248 2300 385 2331 armatis
402 2300 515 2332 PTEk
532 2313 537 2332 :
563 2302 701 2333 armatis
717 2301 910 2334 hominibus
928 2305 990 2334 cett.
1113 2304 1155 2333 26
1179 2301 1341 2334 leviorem
1359 2303 1429 2335 ewS‘
1445 2314 1453 2334 :
1477 2302 1581 2334 lenio-

249 2353 320 2374 rem
338 2348 404 2376 cett.
