1747 2620
180 124 235 160 40
255 125 298 161 97
621 113 677 149 M.
709 112 877 149 TVLLI
909 110 1217 149 CICERONIS

188 602 233 638 41

191 654 233 694 98

188 1484 230 1514 99

255 224 451 263 uberrima
495 221 849 274 supplicationibus
894 220 1182 271 triumphisque
1228 220 1460 271 provincia?
1517 219 1584 258 Sin

252 297 384 328 autem
406 288 554 338 aliquid
577 302 730 338 sperare
759 294 954 337 potueras,
976 288 1014 323 sc·
1038 285 1228 336 cogitaras
1258 285 1298 325 id
1328 286 1437 336 quod
1467 284 1586 335 impe-

253 354 388 393 ratoris
410 368 571 401 nomen,
591 354 701 403 quod
721 351 882 391 laureati
904 353 1038 399 fasces,
1062 352 1171 402 quod
1199 351 1263 389 illa
1290 358 1450 401 tropaea
1471 351 1587 400 plena

254 419 460 458 dedecoris
494 426 532 457 et
563 418 662 457 risus
692 426 730 457 te
757 425 1072 456 commentatum
1090 430 1175 456 esse
1201 418 1412 463 declarant,
1441 415 1528 466 quis
1549 423 1587 454 te

255 484 441 532 miserior,
459 484 545 535 quis
567 492 604 522 te
625 483 858 531 damnatior,
874 483 941 534 qui
959 497 1087 533 neque
1104 482 1272 521 scribere
1292 482 1343 520 ad
1364 489 1543 520 senatum
1565 495 1587 519 a

254 558 292 589 te
313 551 415 589 bene
442 564 523 589 rem
554 549 754 600 publicam
790 563 874 587 esse
906 556 1055 599 gestam
1089 562 1218 598 neque
1252 561 1436 598 praesens
1457 548 1587 585 dicere

253 631 370 655 ausus
392 618 465 655 es?
527 618 591 654 An
613 623 653 654 tu
676 614 770 653 mihi
792 614 854 653 cui
876 628 1030 665 semper
1051 613 1103 651 ita
1123 627 1351 664 persuasum
1373 611 1485 650 fuerit
1507 626 1586 650 non

254 682 403 721 eventis
438 683 507 720 sed
542 683 653 720 factis
688 680 879 731 cuiusque
914 680 1111 718 fortunam
1143 677 1361 729 ponderari,
1389 691 1519 728 neque
1548 676 1586 715 in

254 747 406 786 tabellis
427 761 644 798 paucorum
665 745 842 784 iudicum
867 746 936 783 sed
958 744 997 782 in
1019 743 1222 783 sententiis
1244 742 1422 782 omnium
1443 742 1586 781 civium

254 814 399 852 famam
420 821 594 851 nostram
610 814 889 862 fortunamque
911 811 1096 861 pendere,
1118 818 1155 849 te
1176 809 1448 848 indemnatum
1465 807 1585 846 videri

253 887 378 930 putaS‚
395 893 514 930 quem
535 878 642 926 socii,
666 892 785 929 quem
807 876 1012 925 foederati,
1033 890 1152 927 quem
1173 875 1284 914 liberi
1305 874 1452 926 populi,
1469 888 1585 924 quern

253 946 504 997 stipendiarii,
535 960 654 997 quem
684 945 958 996 negotiatores,
980 958 1099 995 quern
1123 942 1336 995 publicani,
1358 956 1477 993 quem
1507 941 1589 980 uni-

252 1027 361 1052 versa
374 1012 520 1060 civitas,
536 1025 656 1062 quem
668 1010 795 1062 legati,
812 1024 931 1061 quem
948 1009 1094 1049 tribuni
1109 1008 1304 1056 militares,
1315 1021 1433 1059 quem
1450 1006 1588 1057 reliqui

254 1079 395 1117 milites
416 1078 483 1129 qui
505 1079 660 1124 ferrum,
677 1076 743 1127 qui
760 1078 916 1124 famem,
933 1075 1000 1126 qui
1022 1075 1205 1114 morbum
1227 1076 1458 1124 effugerunt,
1479 1073 1587 1112 omni

253 1144 426 1183 cruciatu
457 1142 732 1194 dignissimum
762 1148 912 1192 putent,
945 1140 1008 1179 cui
1038 1154 1119 1179 non
1149 1141 1256 1190 apud
1284 1146 1474 1186 senatum,
1507 1152 1588 1176 non

252 1210 359 1259 apud
389 1208 540 1259 equites
572 1210 792 1254 Romanos,
816 1221 896 1245 non
926 1207 1033 1257 apud
1063 1207 1186 1243 ullum
1219 1204 1410 1251 ordinem,
1438 1203 1586 1242 nonin

253 1276 360 1322 urbe,
384 1289 463 1313 non
487 1274 527 1312 in
547 1272 661 1312 Italia
685 1272 945 1311 maximorum
967 1272 1157 1309 scelerum
1179 1269 1293 1308 venia
1313 1270 1391 1307 ulla
1410 1270 1460 1307 ad
1483 1268 1587 1317 igno-

253 1342 444 1379 scendum
476 1339 558 1378 dari
587 1339 720 1389 possit,
745 1337 810 1388 qui
836 1352 877 1376 se
908 1336 991 1387 ipse
1018 1335 1156 1383 oderit,
1180 1335 1247 1385 qui
1274 1342 1421 1373 metuat
1446 1333 1585 1381 omnis,

253 1406 319 1457 qui
356 1420 465 1444 suam
501 1418 658 1443 causam
692 1403 841 1442 nemini
874 1403 1120 1442 committere
1151 1403 1306 1449 audeat,
1335 1400 1401 1451 qui
1434 1415 1475 1440 se
1505 1400 1587 1450 ipse

254 1473 493 1510 condemnet
514 1472 530 1508 ?
599 1471 829 1520 Numquam
870 1483 943 1519 ego
980 1467 1211 1518 sanguinem
1256 1465 1422 1517 expetivi
1462 1473 1587 1513 tuum,

254 1550 470 1587 numquam
510 1536 606 1574 illud
643 1543 859 1574 extremum
896 1535 1004 1585 quod
1040 1541 1173 1583 posset
1198 1547 1293 1572 »esse
1328 1530 1518 1582 improbis
1549 1538 1587 1569 et

253 1602 384 1654 probis
406 1615 618 1641 commune
641 1599 878 1651 supplicium
909 1599 1004 1650 legis
1038 1613 1085 1638 ac
1115 1597 1246 1645 iudici,
1274 1598 1343 1635 scd
1373 1596 1584 1643 abiectum,

252 1675 537 1717 contemptum,
561 1668 792 1716 despectum
824 1679 847 1703 a
877 1663 1026 1711 ceteris,
1048 1678 1071 1702 a
1093 1671 1129 1702 te
1160 1662 1246 1713 ipso
1270 1663 1519 1712 desperatum
1550 1668 1588 1700 et

252 1733 441 1779 relictum,
479 1732 874 1781 circumspectantem
915 1729 1060 1777 omnia,
1102 1727 1292 1779 quicquid
1332 1726 1588 1777 increpuisset

252 1798 605 1847 pertimescentem,
649 1796 893 1835 diffidentem
940 1796 1015 1834 tuis
1058 1796 1185 1842 rebus,
1228 1795 1312 1834 sine
1355 1808 1462 1841 voce,
1504 1793 1587 1832 sine

252 1863 442 1910 libertate,
475 1861 558 1900 sine
591 1861 835 1910 auctoritate,
871 1861 954 1901 sine
990 1863 1068 1900 ulla
1100 1861 1231 1912 specie
1265 1859 1470 1907 consulari,
1503 1860 1587 1898 hor-

296 1978 315 1998 2
339 1968 464 2008 aliquid
483 1969 568 2000 Eff:
593 1970 726 2009 aliquod
744 1973 809 2000 cell.
918 1975 1077 2009 potueras
1103 1969 1260 2009 Madvig:
1297 1967 1453 1998 volueras
1478 1965 1585 1997 codd:

253 2012 342 2042 visus
367 2022 443 2042 eras
472 2013 594 2043 ΜίῑίΙεν
713 2014 740 2043 si
769 2014 874 2054 suppl.
903 2014 1091 2054 Naugerius
1120 2014 1168 2051 (2¹5
1346 2020 1365 2050 5
1390 2010 1465 2049 quis
1498 2010 1586 2039 dam·

253 2055 396 2094 pnatior,
416 2057 492 2095 quis
512 2058 741 2097 impudentior
763 2057 839 2088 Cus.
930 2058 1004 2097 quis
1026 2062 1059 2087 te
1077 2057 1265 2087 damnatior
1281 2066 1345 2086 om.
1366 2054 1402 2084 N
1566 2053 1587 2082 8

255 2100 431 2138 ponderari
451 2100 509 2135 ἕλ’,
535 2101 713 2131 Manutius
731 2112 736 2130 :
763 2101 873 2132 dicere
899 2102 1003 2131 audes
1020 2099 1095 2131 add.
1116 2104 1179 2130 cett.
1296 2110 1333 2129 10
1358 2103 1390 2128 te
1408 2097 1465 2128 del.
1485 2097 1587 2127 Gam-

253 2143 324 2172 tom'
398 2154 433 2181 14
452 2144 601 2174 morbum
617 2144 681 2173 Ee:
708 2149 849 2174 mortem
868 2148 932 2174 cett.
1023 2154 1059 2182 15
1079 2149 1196 2183 putant
1213 2142 1318 2174 codd.:
1337 2151 1414 2172 corr.
1433 2139 1592 2170 Garatoni

255 2197 320 2217 non
340 2211 347 2217 .
369 2212 375 2218 .
394 2211 402 2218 .
427 2188 602 2218 Romanos
620 2189 682 2217 lmc
705 2190 831 2226 transf).
855 2186 1023 2225 Garatoni,
1040 2190 1114 2227 post
1138 2187 1287 2217 ordinem
1305 2185 1378 2215 hab.
1399 2183 1503 2213 codd:
1527 2182 1585 2213 dcl.

256 2229 362 2260 Halm
493 2233 529 2261 18
555 2232 628 2270 ipse
646 2229 710 2260 cod.
726 2230 867 2261 Pitlmcf:
896 2232 1004 2270 ipsum
1024 2231 1089 2261 mci
1230 2240 1268 2269 19
1294 2229 1364 2268 ipsc
1383 2227 1428 2257 Ec
1445 2238 1451 2256 τ
1478 2227 1587 2265 ipsum

625 2283 640 2298 :1

256 2311 319 2338 rell.
469 2320 509 2339 ρο
527 2307 674 2347 expetivi
695 2307 751 2337 JI:
777 2308 951 2347 expectavi
971 2307 1054 2337 Ecw¹
1222 2317 1262 2337 22
1287 2305 1340 2346 ac]
1360 2310 1459 2344 atquc
1480 2302 1587 2333 Halm

258 2352 414 2382 iudicium
433 2352 468 2381 AV

1606 493 1623 526 5

1611 820 1649 843 10

1612 1152 1647 1185 15

1609 1477 1649 1499 20
