1716 2662
492 87 604 126 PRO
635 88 677 126 L.
711 86 930 127 FLACCO
962 86 1179 126 ORATIO
1456 94 1498 133 17
1518 100 1560 130 40

165 207 258 235 vero
296 194 327 235 is
366 209 485 246 quem
524 209 642 235 nemo
681 204 852 235 vestrum
891 195 988 234 vidit
1031 209 1230 246 uniquam,
1273 209 1392 234 nenio
1431 195 1497 245 qui

166 260 340 299 mortalis
378 269 480 300 esset
522 260 682 309 audivit,
720 269 873 300 tantum
914 260 1034 300 dicit:
1077 260 1220 308 ‘dedi,'
1254 259 1500 307 dubitabitis,

166 324 326 373 iudices,
369 326 465 376 quin
508 328 558 365 ab
602 329 678 366 hoc
722 326 968 378 ignotissimo
1013 316 1164 377 Phryg‘e
1208 325 1498 365 nobilissimum

165 390 291 429 civem
323 390 559 431 vindicetis?
616 394 748 442 Atque
781 392 874 430 huic
906 391 1034 430 eidem
1069 405 1193 441 nuper
1231 399 1307 429 tres
1346 389 1498 440 equites

127 467 143 499 5
167 456 339 495 Romani
364 456 519 496 honesti
544 465 582 496 et
610 471 759 508 graves,
788 470 879 496 cum
915 457 953 494 in
984 470 1101 495 causa
1130 455 1279 495 liberali
1309 469 1400 495 eum
1430 455 1498 506 qui

164 522 418 561 adserebatur
442 530 653 573 cognatum
684 536 799 561 suurn
830 536 915 561 esse
942 523 1100 569 diceret,
1130 535 1211 560 non
1234 520 1495 560 crediderunt.

165 586 246 636 Qui
279 588 355 626 hoc
386 587 516 626 evenit
544 595 595 634 ut,
620 587 686 638 qui
712 588 888 637 locuples
919 586 1026 625 testis
1057 586 1203 625 doloris
1231 593 1269 625 et
1299 585 1498 636 sanguinis

165 651 225 690 sui
263 665 343 690 non
379 651 502 700 fuerit,
544 652 649 691 idem
681 651 729 690 sit
763 651 887 701 gravis
921 659 1057 690 auctor
1091 650 1253 689 iniuriae
1287 649 1499 701 publicae?

165 718 298 767 Atque
336 716 400 755 hic
441 716 669 767 Dorylensis
713 730 838 766 nuper
876 730 967 755 cum
1007 718 1205 755 efferretur
1249 729 1390 766 magna
1429 716 1498 754 fre·
1515 731 1551 761 41

112 796 146 818 10
165 782 327 832 quentia
373 791 651 832 conventuque
698 790 837 829 vestro,
889 782 1024 819 mortis
1072 781 1173 819 illius
1221 780 1407 819 invidiam
1459 780 1497 819 in

168 848 210 884 L.
248 848 432 885 Flaccum
474 847 629 886 Laelius
665 847 904 885 conferebat.
964 846 1075 884 Facis
1116 845 1268 893 iniuste,
1314 845 1432 892 Laeli,
1466 844 1497 884 si

166 919 280 962 putas
307 920 442 951 nostro
471 912 645 963 periculo
673 912 801 951 vivere
823 920 910 951 tuos
941 911 1245 958 contubernalis,
1269 910 1496 961 praesertim

166 990 256 1015 curn
296 985 363 1015 tua
401 977 646 1027 neglegentia
689 979 835 1016 factum
875 976 1116 1015 arbitremur.
1180 976 1347 1014 Homini
1391 975 1496 1014 enim

167 1041 308 1093 Phrygi
342 1041 410 1093 qui
447 1042 627 1081 arborem
661 1056 879 1093 numquam
919 1041 1080 1081 vidisset
1118 1041 1297 1080 fiscinam
1332 1042 1496 1079 ficorum

111 1122 144 1154 ¹5
166 1106 355 1146 obiecisti.
416 1109 539 1147 Cuius
573 1121 676 1146 mors
706 1116 745 1146 te
773 1107 904 1158 aliqua
934 1122 973 1146 re
998 1106 1163 1155 levavit;
1197 1107 1360 1145 edacem
1391 1106 1497 1144 enirn

166 1172 362 1222 hospitem
394 1172 582 1221 amisisti3
614 1174 756 1211 Flacco
790 1186 881 1212 vero
922 1171 1017 1222 quid
1057 1171 1231 1222 profuit?
1273 1171 1339 1222 qui
1378 1170 1498 1209 valuit

165 1245 245 1275 tam
275 1237 343 1276 diu
370 1239 466 1276 dum
494 1239 571 1276 huc
596 1238 780 1288 prodiret,
804 1245 980 1276 mortuus
1005 1244 1062 1276 est
1089 1238 1228 1276 aculeo
1255 1235 1331 1274 iam
1354 1236 1498 1275 emisso

165 1316 211 1341 ac
241 1302 348 1341 dicto
378 1303 616 1342 testimonio.
676 1306 729 1342 At
759 1303 863 1342 istud
891 1304 1075 1342 columen
1103 1302 1364 1341 accusationis
1395 1310 1497 1349 tuae,

170 1367 429 1415 Mithridates,
467 1377 604 1418 postea
635 1382 754 1419 quarn
793 1368 959 1408 biduum
989 1376 1161 1408 retentus
1193 1367 1300 1406 testis
1329 1381 1351 1405 a
1382 1367 1497 1406 nobis

109 1448 149 1469 20
168 1433 305 1472 effudit
332 1447 433 1484 quae
462 1434 585 1473 voluit
614 1434 758 1482 omnia,
792 1447 1009 1484 reprensus,
1040 1433 1243 1472 convictus
1274 1435 1497 1483 fractusque

167 1497 371 1547 discessit,
414 1500 590 1538 ambulat
629 1513 719 1538 cum
755 1499 899 1547 lorica,
946 1497 1085 1538 metuit
1119 1499 1240 1537 homo
1279 1499 1419 1536 doetus
1460 1505 1497 1537 et

166 1562 332 1613 sapiens,
365 1577 415 1603 ne
447 1566 489 1603 L.
523 1566 686 1604 Flaccus
718 1578 823 1604 nunc
858 1578 900 1602 se
930 1565 1075 1602 scelere
1106 1562 1261 1613 adliget,
1295 1576 1384 1601 cum
1418 1562 1495 1601 iarn

162 1636 306 1667 testem
334 1629 444 1668 illurn
469 1631 637 1680 effugere
664 1643 745 1669 non
770 1629 903 1680 possit,
928 1636 979 1675 et,
1001 1628 1068 1678 qui
1096 1635 1186 1666 ante
1213 1627 1362 1666 dietum
1394 1627 1495 1665 testi-

166 1693 344 1732 monium
367 1694 441 1733 sibi
469 1694 703 1746 temperarit,
727 1708 816 1733 curn
840 1702 972 1733 tamen
994 1692 1143 1743 aliquid
1163 1692 1327 1743 adsequi
1349 1700 1491 1742 posset,

111 1773 146 1804 25
168 1757 206 1797 is,
223 1772 328 1798 nunc
355 1759 398 1798 id
421 1768 510 1810 agat
536 1768 578 1798 ut
604 1761 655 1799 ad
682 1761 823 1798 falsum
850 1758 1033 1797 avaritiae
1063 1757 1332 1797 testimonium
1359 1771 1494 1796 verum

166 1823 333 1863 malefici
373 1823 528 1863 crimen
563 1825 761 1874 adiungat.
832 1825 910 1863 Sed
955 1823 1143 1874 quoniam
1189 1824 1239 1862 de
1278 1823 1353 1861 hoc
1396 1830 1494 1861 teste

211 1937 230 1957 2
255 1927 450 1958 dubitabitis
474 1928 577 1958 '-vitis
598 1927 641 1968 V,
665 1927 743 1959 V‘J':
769 1927 927 1958 dubitatis
945 1930 1008 1957 cell.
1157 1938 1174 1965 4
1202 1925 1286 1957 idem
1310 1925 1341 1954 V
1474 1936 1496 1964 9

169 1981 276 2010 nuper
308 1981 381 2001 eum
415 1971 500 2010 ch:
541 1974 706 2011 nupcrzz
745 1981 819 2002 cum
852 1980 960 2009 nuper
986 1970 1026 2000 bk
1160 1970 1243 2000 haec
1273 1969 1417 2000 ferertur
1448 1968 1494 1998 V:

168 2014 354 2045 ecferretur
370 2014 519 2045 Faernus
662 2025 701 2045 10
725 2019 961 2053 conventuque
979 2013 1107 2052 Isto-ser
1124 2025 1130 2043 :
1156 2023 1390 2051 consensuque
1411 2012 1494 2042 mei:

167 2068 396 2098 consessuque
414 2057 523 2089 Paris.
540 2058 623 2097 7778
639 2058 698 2088 sm.
719 2059 764 2091 25.
778 2056 968 2097 Naugerius
987 2058 1038 2095 ἦε)
1055 2067 1061 2086 :
1087 2065 1320 2094 concursuque
1338 2055 1496 2094 Pltqvgcrs

173 2111 206 2131 11
236 2101 270 2131 L.
291 2112 354 2131 om.
380 2100 428 2131 V1
507 2101 544 2133 L.
565 2101 700 2138 Laelius
722 2100 765 2130 V‘2
875 2110 912 2130 12
938 2104 1055 2130 nostro
1074 2099 1226 2139 periculo
1247 2098 1312 2129 Vc:
1347 2098 1496 2138 periculo

170 2150 282 2175 nostro
300 2147 365 2174 cett.
512 2155 548 2184 13
573 2155 647 2175 cum
668 2144 797 2185 (quum)
823 2143 871 2174 V:
896 2144 984 2182 quod
1003 2146 1067 2173 cett.
1217 2151 1254 2180 14
1279 2142 1434 2172 arborem
1456 2141 1491 2180 V,

169 2187 275 2217 Scltol.
295 2199 300 2217 :
326 2188 478 2218 arborem
497 2188 549 2218 fici
567 2192 632 2219 cett.
764 2196 801 2226 15
827 2187 936 2226 aliqua
956 2186 1117 2217 relevavit
1140 2185 1187 2215 V:
1213 2195 1255 2215 ex
1271 2181 1383 2224 aliqua
1401 2190 1494 2225 parte

170 2231 330 2260 relevavit
347 2234 411 2261 cett.
430 2242 436 2261 ι
461 2241 538 2262 corr.
559 2231 657 2261 Klotz
838 2241 873 2269 17
901 2231 1023 2261 emisso
1045 2229 1079 2267 V,
1100 2228 1207 2259 Sclzol.
1229 2240 1234 2258 :
1264 2229 1411 2259 demisso
1429 2231 1490 2258 cell.

173 2274 209 2303 18
233 2279 266 2304 at
282 2273 397 2314 Βχςτ
422 2280 456 2304 ut
477 2274 548 2305 VE:
582 2280 614 2305 et
631 2275 660 2304 b¹
774 2273 995 2305 accusationis
1020 2273 1062 2302 l·':
1088 2272 1229 2303 actionis
1247 2275 1309 2302 cett.
1453 2281 1496 2301 20

171 2326 372 2355 repraensus
394 2317 442 2348 V:
469 2318 696 2357 reprehensus
712 2321 775 2348 cett.
911 2327 951 2355 23
976 2322 1008 2347 et
1028 2316 1165 2346 Mallem
1192 2321 1226 2346 ut
1245 2314 1331 2346 codd.
1454 2324 1496 2355 25

169 2369 284 2391 verum
306 2360 355 2390 V:
381 2371 496 2391 verum
515 2361 615 2391 etiarn
635 2364 698 2391 cett.
833 2362 874 2391 26
899 2361 1057 2400 quoniam
1080 2358 1139 2389 Vb‘·'
1157 2370 1164 2389 z
1187 2369 1251 2390 om.
1271 2361 1336 2390 cett.
