1716 2662
346 106 421 144 DE
453 105 598 144 LEGE
630 105 888 142 AGRARIA
919 104 1136 142 ORATIO
1168 105 1210 143 II
1412 115 1440 153 9

111 214 284 267 denique
318 229 398 267 quo
437 215 566 255 minus
607 214 693 254 xvir
724 213 806 254 fieri
838 213 971 265 possit,
1000 227 1080 253 non
1116 213 1333 265 excipitur3
1366 215 1439 254 Cn.

112 281 326 333 Pompeius
365 281 564 333 excipitur,
606 295 656 321 ne
694 293 785 320 cum
821 282 862 319 P.
900 279 1190 319 Rullo—taceo
1221 281 1271 318 de
1303 278 1441 318 ceteris

86 355 94 361 ·
110 346 253 385 —xvir
282 345 363 385 fieri
391 346 525 398 possit.
585 348 839 385 Praesentem
865 344 972 384 enim
994 344 1167 396 profiteri
1188 344 1309 392 iubet,
1333 344 1442 394 quod

111 414 219 452 nulla
244 412 319 451 alia
339 412 378 450 in
405 414 490 462 lege
517 425 707 463 umquam
740 410 811 449 fuit
835 424 884 450 ne
905 410 945 448 in
975 410 1030 449 eis
1060 409 1222 460 quidem
1248 408 1443 460 magistra-

73 478 215 524 5tibus
249 490 418 528 quorum
457 485 586 516 certus
619 477 717 516 ordo
756 483 825 524 est,
859 488 919 522 ne,
957 474 988 513 si
1026 482 1190 526 accepta
1227 475 1288 513 lex
1327 481 1439 520 esset,

110 542 221 581 illum
260 541 334 580 sibi
373 542 578 592 conlegam
621 539 866 580 ascriberetis
910 540 1116 579 custodem
1158 553 1205 578 ac
1243 539 1440 579 vindicem

110 606 383 658 cupiditatum.
446 605 537 654 Hic,
570 605 758 656 quoniam
791 605 909 644 video
944 617 1011 642 vos
1046 603 1217 643 hominis
1252 604 1442 655 dignitate

111 679 150 711 et
183 670 422 711 contumelia
453 670 547 720 legis
582 684 667 709 esse
706 677 939 716 commotos,
975 670 1174 708 renovabo
1206 669 1303 708 illud
1333 670 1442 719 quod

111 736 223 775 initio
247 735 336 783 dixi,
369 749 532 786 regnum
557 734 786 785 comparari,
813 734 1033 774 libertatem
1061 742 1228 774 vestram
1259 736 1333 773 hac
1357 735 1442 784 lege

56 819 94 841 10
111 801 287 840 funditus
308 801 402 839 tolli.
461 802 525 838 An
545 813 615 839 vos
639 800 750 838 aliter
776 799 1087 838 existimabatis?
1116 814 1207 839 cum
1231 801 1282 838 ad
1309 799 1442 838 omnia
1489 815 1500 822 -

110 875 238 905 vestra
270 865 387 917 pauci
425 864 606 904 homines
641 864 867 915 cupiditatis
907 866 1043 904 oculos
1078 865 1324 911 adiecissent,
1361 877 1441 902 non

111 945 180 971 eos
218 931 258 969 in
297 930 431 981 primis
470 930 511 968 id
554 938 710 969 acturos
749 938 792 969 ut
835 944 882 969 ex
920 929 1029 969 omni
1074 930 1255 970 custodia
1292 938 1442 968 vestrae

111 995 310 1042 libertatis,
348 1009 395 1034 ex
428 995 537 1034 omni
567 1003 773 1046 potestate,
805 995 1019 1043 curatione,
1051 995 1270 1046 patrocinio
1300 1002 1442 1034 vestro-

112 1077 197 1101 rum
225 1062 527 1101 commodorum
556 1062 628 1101 Cn.
661 1061 874 1112 Pompeius
901 1062 1190 1112 depelleretur?
1246 1060 1442 1100 Viderunt

55 1147 93 1180 15
113 1135 152 1167 ct
168 1127 313 1174 vident,
338 1126 368 1165 si
390 1140 457 1177 per
478 1126 783 1177 imprudentiam
804 1134 983 1173 vestram,
1006 1126 1293 1177 neglegentiam
1314 1139 1442 1165 meam

112 1194 237 1243 legem
267 1191 509 1241 incognitam
539 1191 779 1242 acceperitis,
816 1193 897 1230 fore
929 1191 986 1230 uti
1021 1199 1159 1241 postea
1189 1190 1356 1241 cognitis
1389 1190 1443 1229 in-

112 1257 231 1304 sidiis,
261 1271 351 1295 cum
372 1256 504 1295 xviros
534 1256 683 1303 creetis,
708 1264 791 1295 tum
812 1256 914 1295 vitiis
947 1256 1131 1295 omnibus
1161 1264 1200 1295 et
1231 1255 1442 1296 sceleribus

111 1322 206 1373 legis
228 1323 300 1361 Cn.
323 1321 489 1372 Pompei
510 1321 749 1371 praesidium
772 1322 1058 1372 opponendum
1079 1321 1235 1372 putetis.
1296 1324 1346 1360 Et
1367 1322 1442 1360 hoc.

111 1401 274 1438 parvum
295 1395 569 1438 argumentum
592 1387 704 1426 vobis
730 1387 812 1435 erit,
834 1401 857 1425 a
879 1387 992 1426 certis
1014 1387 1241 1426 hominibus
1267 1387 1443 1426 domina-

55 1474 93 1496 20
113 1453 261 1492 tionem
289 1460 606 1504 potestatemque
635 1452 812 1491 omnium
843 1466 971 1491 rerum
998 1452 1143 1503 quaeri,
1167 1466 1258 1491 cum
1278 1452 1442 1491 videatis

112 1532 203 1557 eum
224 1532 343 1568 quem
365 1520 572 1557 custodem
589 1525 738 1557 vestrae
759 1517 946 1556 libertatis
968 1518 1049 1556 fore
1065 1517 1224 1556 videant
1245 1525 1442 1568 expertem

113 1583 193 1622 fieri
215 1583 441 1634 dignitatis?

168 1649 407 1699 Cognoscite
439 1663 545 1688 nunc
574 1662 676 1700 quae
706 1656 878 1700 potestas
912 1648 1032 1687 xviris
1068 1656 1105 1688 et
1138 1656 1286 1699 quanta
1316 1649 1439 1687 detur.

115 1714 289 1753 Primum
313 1717 398 1765 lege
425 1715 573 1754 curiata
597 1715 730 1754 xviros
758 1723 880 1754 ornat.
943 1716 1027 1753 Iam
1056 1715 1132 1753 hoc
1159 1714 1380 1754 inauditum
1405 1722 1443 1753 et

55 1798 94 1832 ³5
113 1781 229 1831 plane
259 1794 416 1829 novum,
440 1780 497 1819 uti
526 1780 673 1819 curiata
701 1782 786 1831 lege
814 1779 1060 1830 magistratus
1088 1781 1203 1818 detur
1231 1779 1298 1831 qui
1327 1781 1442 1819 nullis

113 1845 280 1885 comitiis
307 1854 399 1885 ante
427 1847 475 1885 sit
504 1847 631 1886 datus.
691 1848 788 1884 Eam
818 1847 944 1895 legem
969 1845 1020 1884 ab
1041 1858 1090 1884 eo
1110 1853 1288 1896 praetore
1308 1847 1441 1896 populi

115 1912 286 1950 Romani
316 1913 383 1961 qui
413 1911 461 1949 sit
491 1912 639 1961 primus
664 1912 789 1950 factus
818 1910 905 1949 ferri
934 1910 1053 1949 iubet.
1113 1912 1167 1949 At
1193 1924 1273 1962 quo
1294 1912 1445 1951 modo?

160 2025 219 2053 1—3
244 2025 308 2045 non
325 2014 494 2053 excipitur
510 2039 516 2046 .
540 2038 546 2044 .
569 2039 575 2045 .
595 2015 704 2054 possit
722 2015 785 2053 s-ct
802 2016 831 2052 e)
850 2014 916 2044 Ee:
943 2024 1009 2044 om.
1026 2017 1092 2044 cell.
1187 2026 1204 2052 4
1232 2013 1279 2044 cis
1294 2014 1444 2055 quidem]

113 2058 164 2089 his
181 2058 213 2089 E
363 2069 380 2097 5
408 2069 448 2088 ne
467 2058 493 2088 si
511 2059 697 2098 Angelius:
730 2059 803 2088 sine
824 2057 886 2088 Ec:
917 2057 988 2087 sive
1007 2061 1070 2087 cell.
1235 2068 1273 2087 10
1297 2058 1445 2088 funditus

113 2106 190 2132 ante
205 2101 312 2132 libert.
331 2101 403 2131 lietb.
424 2101 456 2131 E
650 2113 681 2132 11
711 2102 904 2141 cupiditatis
922 2111 987 2132 0111.
1009 2100 1072 2132 E¹:
1100 2101 1282 2140 cupiditate
1298 2101 1422 2132 schin:
1440 2112 1446 2131 z

113 2144 170 2176 del.
191 2145 305 2175 Baiter
476 2155 512 2175 12
536 2155 595 2176 eos
613 2146 644 2175 in
663 2146 779 2184 primis
798 2144 845 2184 idl
865 2144 981 2183 primis
1001 2145 1032 2174 id
1049 2143 1098 2175 E:
1125 2154 1183 2174 cos
1201 2143 1232 2173 id
1250 2144 1282 2173 in
1301 2145 1416 2183 primis
1433 2156 1448 2174 c

115 2194 250 2219 nostrae
267 2187 302 2217 N
494 2189 530 2219 16
556 2189 753 2228 acciperetis
769 2187 806 2218 N
992 2197 1026 2226 17
1054 2188 1212 2218 crearetis
1230 2187 1317 2217 codd.
1335 2198 1340 2216 :
1366 2198 1443 2217 corr.

114 2231 292 2262 Beroaldus
407 2241 445 2271 19
469 2242 606 2271 parvum
624 2232 652 2271 k,
671 2231 718 2263 cd.
737 2231 770 2262 R
786 2243 791 2261 :
817 2242 932 2271 parum
953 2235 1017 2262 cett.
1135 2241 1177 2261 20
1203 2241 1280 2269 -que
1297 2230 1442 2260 omnium

114 2286 178 2306 om.
199 2275 230 2304 E
359 2284 396 2306 21
422 2280 555 2306 nostrae
574 2274 610 2304 N
760 2284 799 2313 :25
826 2285 946 2305 novum
965 2275 1017 2304 E:
1044 2285 1130 2304 novo
1152 2273 1241 2311 gadal.
1263 2274 1294 2303 in
1312 2273 1360 2314 N)
1380 2278 1443 2304 cell.

115 2319 160 2348 uti
178 2329 242 2348 om.
261 2318 297 2348 N
313 2329 319 2348 :
345 2324 379 2348 ut
396 2318 425 2349 ei
445 2317 634 2349 Lambinus
766 2318 820 2358 qui
840 2319 869 2357 k,
890 2318 1059 2358 Angelius·
1075 2329 1081 2348 :
1106 2318 1156 2347 eui
1175 2322 1239 2349 cell.
1405 2319 1445 2347 26

115 2361 225 2401 populi
249 2360 287 2393 R.
308 2373 375 2394 om.
395 2373 416 2391 n
550 2372 589 2401 27
616 2362 687 2393 sieri
706 2362 795 2393 codd.
815 2374 820 2392 :
847 2372 923 2392 [ου’.
944 2361 1126 2392 Beroaldus

1461 119 1503 153 24

1462 614 1509 641 10

1465 1656 1504 1689 26
