1716 2662
310 103 384 141 DE
417 101 560 140 LEGE
592 102 849 139 AGRARIA
881 102 1097 140 ORATIO
1131 104 1170 140 ΙΙ
1365 113 1407 148 13
1428 117 1467 147 3²

77 212 212 260 scriba,
238 214 358 260 lictor,
386 226 538 264 praeco,
566 212 806 264 pullarius?'
865 214 1010 262 Omnia
1044 222 1133 251 sunt
1166 215 1262 252 haec
1292 213 1407 251 huius

77 278 196 325 modi,
224 278 406 328 Quirites,
432 287 484 326 ut,
508 291 552 318 ea
573 278 639 328 qui
668 278 811 317 habeat
840 277 922 317 sine
954 278 1088 317 vestris
1117 278 1317 328 suffragiis,
1340 286 1407 316 aut

77 356 142 381 rex
162 356 242 382 non
272 343 455 383 ferendus
482 351 548 382 aut
577 343 747 393 privatus
779 342 945 382 furiosus
967 356 1052 382 esse
1073 343 1259 382 videatur.
1322 345 1404 381 Per·
1429 356 1468 387 33

76 407 213 458 spicite
247 415 394 458 quanta
428 415 600 458 potestas
636 408 907 458 permittatur3
955 422 1034 447 non
1075 408 1313 458 privatorum
1354 408 1407 446 in-

39 472 236 519 5saniam,
274 474 343 511 sed
383 473 671 512 intolerantiam
711 486 846 523 regum
886 486 971 512 esse
1010 472 1162 512 dicetis.
1232 473 1407 512 Primum

76 538 311 589 permittitur
349 538 499 577 infinita
538 546 711 589 potestas
750 538 1046 577 innumerabilis
1085 538 1276 588 pecuniae
1317 551 1407 578 eon—

76 602 268 642 ficiendae
297 604 433 642 vestris
460 602 715 653 vectigalibus
746 616 826 642 non
857 603 1042 651 fruendis,
1065 605 1134 643 sed
1164 604 1409 651 alienandis3

76 668 221 707 deinde
249 668 354 708 orbis
382 675 568 707 terrarum
597 668 854 719 gentiumque
883 668 1062 706 omnium
1092 669 1207 707 datur
1235 669 1407 719 cognitio

76 734 161 773 sine
194 733 369 781 consilio,
402 747 532 785 poena
560 733 644 773 sine
679 733 970 785 provocatione,
1006 733 1295 774 animadversio
1324 735 1408 774 sine

21 813 58 836 10
76 799 230 838 auxilio.
290 800 470 839 Iudieare
499 813 568 851 per
594 800 910 851 quinquennium
933 801 992 839 vel
1020 801 1071 839 de
1098 800 1326 840 consuiibus
1348 803 1406 839 vel
1429 813 1467 845 34

76 867 126 904 de
159 864 251 916 ipsis
283 865 448 904 tribunis
481 865 608 917 plebis
647 873 860 917 poterunt3
900 867 950 905 de
991 865 1064 904 illis
1104 865 1251 905 interea
1289 880 1407 905 nemo

77 929 266 969 iudicabit
283 945 293 978 3
323 930 569 981 magistratus
590 931 645 970 eis
668 938 799 982 petere
816 930 959 979 licebit,
984 944 1142 970 causam
1171 931 1300 971 dicere
1327 945 1408 971 non

77 995 238 1042 licebit;
267 1009 396 1035 emere
416 1009 529 1047 agros
557 1009 582 1035 a
610 996 756 1047 quibus
777 997 910 1036 volent
938 1004 976 1035 et
1007 1010 1106 1047 quos
1127 998 1259 1036 volent
1289 1011 1407 1048 quam

77 1063 208 1100 volent
231 1074 374 1111 magno
404 1068 588 1111 poterunt
606 1075 617 1109 3
646 1061 822 1100 colonias
845 1063 1042 1100 deducere
1068 1075 1200 1109 novas,
1222 1075 1409 1101 renovare

22 1138 57 1171 15
79 1134 237 1173 veterem,
261 1134 383 1165 totam
407 1126 561 1164 Italiam
590 1127 668 1164 suis
696 1126 861 1165 coloniis
890 1134 933 1165 ut
960 1128 1158 1177 complere
1185 1127 1299 1166 liceat
1328 1141 1410 1178 per-

78 1191 265 1239 mittitur,
299 1191 428 1229 omnis
463 1191 683 1242 provincias
714 1192 902 1239 obeundi,
936 1192 1079 1231 liberos
1111 1194 1279 1243 populos
1309 1193 1409 1242 agris

78 1256 285 1305 multandi,
309 1269 518 1307 regnorum
547 1257 848 1296 vendendorum
879 1271 1034 1296 summa
1064 1264 1237 1308 potestas
1268 1259 1383 1297 datur
1399 1273 1410 1306 3

77 1334 167 1359 eum
198 1321 332 1370 velint,
355 1323 508 1361 Romae
538 1334 634 1370 esse,
663 1335 754 1360 cum
785 1324 1042 1361 commodum
1073 1323 1131 1370 sit,
1159 1336 1409 1374 quacumque

79 1386 199 1425 velint
238 1400 394 1425 summo
433 1400 523 1425 eum
572 1386 738 1437 imperio
785 1387 1010 1437 iudicioque
1057 1401 1183 1426 rerum
1229 1388 1408 1427 omnium

20 1467 62 1490 20
79 1451 206 1501 vagari
238 1460 278 1489 ut
306 1451 419 1490 liceat
454 1452 711 1499 conceditur3
745 1451 891 1491 interea
920 1453 1136 1491 dissolvant
1166 1453 1309 1492 iudicia
1338 1467 1408 1504 pu-

79 1516 192 1563 blica,
215 1530 235 1555 e
265 1516 437 1555 consiliis
467 1517 666 1556 abducant
694 1530 793 1567 quos
822 1517 951 1565 velint,
984 1518 1122 1568 singuli
1150 1519 1200 1557 de
1231 1518 1408 1557 maximis

78 1582 194 1620 rebus
242 1582 426 1629 iudicent,
469 1582 665 1633 quaestori
714 1582 952 1632 permittant,
995 1583 1189 1622 finitorem
1239 1583 1405 1631 mittant,

78 1655 201 1685 ratum
224 1647 272 1684 sit
292 1648 401 1696 quod
422 1646 552 1685 finitor
574 1647 640 1685 uni
661 1647 713 1685 illi
735 1661 757 1686 a
778 1661 857 1697 quo
874 1647 1013 1686 missus
1031 1648 1100 1686 erit
1118 1648 1406 1687 renuntiaverit.
1430 1677 1473 1714 14

79 1711 254 1750 Verbum
294 1711 388 1749 mihi
423 1713 545 1759 deest,
579 1711 761 1760 Quirites,
799 1726 889 1750 eum
930 1726 1002 1762 ego
1036 1714 1137 1751 hane
1171 1720 1407 1762 potestatem
1428 1737 1466 1766 35

23 1791 61 1823 ²5
79 1776 222 1826 regiam
244 1778 410 1826 appello,
435 1777 504 1815 sed
533 1778 709 1826 profecto
740 1777 862 1815 maior
889 1784 947 1815 est
976 1779 1182 1827 quaedam.
1244 1779 1405 1816 Nullum

79 1841 184 1880 enim
223 1855 384 1892 regnum
425 1841 496 1880 fuit
535 1855 723 1892 umquam
756 1843 864 1892 quod
897 1855 978 1880 non
1013 1856 1066 1890 se,
1097 1844 1134 1880 si
1164 1842 1293 1880 minus
1325 1843 1407 1882 iure

77 1907 221 1957 aliquo,
254 1914 292 1945 at
324 1906 549 1956 regionibus
584 1914 717 1946 tamen
750 1907 865 1946 certis
896 1907 1127 1946 contineret.
1188 1910 1281 1946 Hoc
1315 1921 1406 1946 vero

125 2021 138 2040 1
166 2021 287 2051 praeco
301 2022 367 2042 om.
385 2010 418 2041 E
545 2021 565 2049 3
591 2011 750 2041 serendus
766 2021 781 2041 e
798 2022 804 2041 :
829 2011 990 2041 serundus
1008 2015 1072 2043 cett.
1222 2022 1240 2050 5
1267 2012 1356 2052 regis
1369 2023 1411 2043 ωε

79 2064 155 2085 esse
171 2065 237 2086 om.
251 2055 283 2085 E
416 2064 432 2093 7
458 2055 578 2085 vestris
595 2053 734 2094 Madvig
749 2066 756 2085 :
780 2055 822 2084 de
840 2056 960 2086 vestris
980 2054 1066 2085 codd.
1203 2056 1222 2085 8
1248 2055 1338 2085 orbis
1353 2054 1407 2085 N:

80 2099 121 2129 de
146 2097 227 2128 orbe
250 2098 304 2128 E:
336 2098 378 2128 de
402 2097 494 2128 orbis
515 2101 580 2128 cell.
743 2107 780 2127 12
804 2098 856 2128 his
879 2097 913 2128 E
1068 2109 1104 2137 13
1129 2104 1162 2128 et
1188 2098 1240 2128 E:
1264 2099 1314 2129 vel
1339 2102 1403 2130 ccll.

79 2151 164 2180 quos
182 2141 295 2171 volent
311 2140 411 2172 EeN:
436 2150 519 2180 quos
536 2140 641 2171 velint
658 2145 722 2172 cett.
856 2151 892 2179 15
917 2139 1046 2172 colonis
1062 2141 1083 2170 k
1196 2152 1231 2180 17
1258 2143 1404 2172 venden-

79 2185 197 2215 dorum
217 2183 449 2215 Camerarius:
480 2184 532 2214 vel
552 2185 632 2225 (om.
653 2184 697 2223 E)
724 2185 910 2214 dandorum
934 2184 1020 2214 codd.
1039 2196 1046 2214 :
1077 2184 1129 2215 vel
1154 2185 1335 2215 dandorum
1354 2186 1405 2215 vel

79 2227 333 2258 adimendorum
350 2227 482 2258 Ernesti
626 2228 664 2258 18
687 2228 728 2258 sit
746 2227 847 2258 EeN:
871 2238 936 2258 om.
957 2227 1050 2266 Mfl‘?
1191 2238 1225 2257 21
1255 2238 1273 2257 e
1292 2227 1341 2258 E:
1365 2229 1407 2258 de

79 2274 144 2302 cett.
235 2271 278 2301 de
297 2270 348 2302 E:
372 2281 390 2301 e
408 2274 471 2302 cell.
565 2271 728 2302 maxumis
744 2269 805 2307 Mu
909 2281 949 2309 23
975 2271 1019 2301 illi
1035 2271 1070 2301 sk
1088 2282 1094 2301 ε
1119 2272 1174 2301 ulli
1193 2276 1257 2302 cell.
1366 2273 1407 2302 26

79 2323 117 2344 se
133 2313 161 2345 si
177 2313 292 2345 Baiter
307 2326 312 2344 :
338 2314 365 2344 si
383 2313 464 2354 xssk:
489 2324 525 2345 se
542 2318 609 2346 cett.
759 2325 799 2354 27
825 2320 857 2345 at
877 2314 943 2344 Evl:
958 2326 964 2344 :
989 2325 1027 2344 nc
1045 2318 1109 2345 cett.
1218 2316 1406 2345 contineret

82 2357 127 2388 Ee
140 2367 147 2388 τ
170 2358 400 2389 contineretur
416 2362 480 2389 cett.
