<?xml version="1.0" encoding="UTF-8"?>
<!DOCTYPE html PUBLIC "-//W3C//DTD XHTML 1.0 Transitional//EN"
    "http://www.w3.org/TR/xhtml1/DTD/xhtml1-transitional.dtd">
<html xmlns="http://www.w3.org/1999/xhtml" xml:lang="en" lang="en">
 <head>
  <title>
</title>
<meta http-equiv="Content-Type" content="text/html;charset=utf-8" />
  <meta name='ocr-system' content='tesseract 3.04.00' />
  <meta name='ocr-capabilities' content='ocr_page ocr_carea ocr_par ocr_line ocrx_word'/>
</head>
<body>
  <div class='ocr_page' id='page_1' title='image "./orationesrecogno04ciceuoft/orationesrecogno04ciceuoft_0053.png"; bbox 0 0 1716 2662; ppageno 0'>
   <div class='ocr_carea' id='block_1_1' title="bbox 389 73 1423 122">
    <p class='ocr_par' dir='ltr' id='par_1_1' title="bbox 389 73 1423 122">
     <span class='ocr_line' id='line_1_1' title="bbox 389 73 1423 122; baseline -0.004 -10"><span class='ocrx_word' id='word_1_1' title='bbox 389 74 498 112; x_wconf 83' lang='lat' dir='ltr'><strong>PRO</strong></span> <span class='ocrx_word' id='word_1_2' title='bbox 532 76 571 111; x_wconf 83' lang='lat' dir='ltr'><strong>P.</strong></span> <span class='ocrx_word' id='word_1_3' title='bbox 607 73 887 122; x_wconf 62' lang='lat' dir='ltr'><strong>Qi‘INcrio</strong></span> <span class='ocrx_word' id='word_1_4' title='bbox 920 73 1137 111; x_wconf 71' lang='lat' dir='ltr'>ORATIO</span> <span class='ocrx_word' id='word_1_5' title='bbox 1373 84 1423 120; x_wconf 86' lang='lat'><strong>24</strong></span> 
     </span>
    </p>
   </div>
   <div class='ocr_carea' id='block_1_2' title="bbox 35 186 1424 1928">
    <p class='ocr_par' dir='ltr' id='par_1_2' title="bbox 35 186 1424 1928">
     <span class='ocr_line' id='line_1_2' title="bbox 98 186 1424 233; baseline -0.005 -8"><span class='ocrx_word' id='word_1_6' title='bbox 98 199 183 225; x_wconf 80' lang='lat' dir='ltr'><strong>esse</strong></span> <span class='ocrx_word' id='word_1_7' title='bbox 203 194 338 224; x_wconf 86' lang='lat' dir='ltr'><strong>contra</strong></span> <span class='ocrx_word' id='word_1_8' title='bbox 359 186 446 224; x_wconf 81' lang='lat' dir='ltr'><strong>talis</strong></span> <span class='ocrx_word' id='word_1_9' title='bbox 468 193 640 224; x_wconf 82' lang='lat' dir='ltr'><strong>oratores</strong></span> <span class='ocrx_word' id='word_1_10' title='bbox 661 198 741 223; x_wconf 90' lang='lat' dir='ltr'><strong>non</strong></span> <span class='ocrx_word' id='word_1_11' title='bbox 765 186 885 222; x_wconf 75' lang='lat' dir='ltr'><strong>niodo</strong></span> <span class='ocrx_word' id='word_1_12' title='bbox 902 192 1050 222; x_wconf 73' lang='lat' dir='ltr'><strong>tantam</strong></span> <span class='ocrx_word' id='word_1_13' title='bbox 1065 196 1225 221; x_wconf 85' lang='lat' dir='ltr'><strong>causam</strong></span> <span class='ocrx_word' id='word_1_14' title='bbox 1245 195 1424 233; x_wconf 63' lang='lat' dir='ltr'><strong>perorare</strong></span> 
     </span>
     <span class='ocr_line' id='line_1_3' title="bbox 97 247 1422 298; baseline -0.005 -8"><span class='ocrx_word' id='word_1_15' title='bbox 97 253 167 290; x_wconf 83' lang='lat' dir='ltr'><strong>sed</strong></span> <span class='ocrx_word' id='word_1_16' title='bbox 188 250 351 289; x_wconf 87' lang='lat' dir='ltr'><strong>omnino</strong></span> <span class='ocrx_word' id='word_1_17' title='bbox 372 251 535 289; x_wconf 74' lang='lat' dir='ltr'><strong>verbum</strong></span> <span class='ocrx_word' id='word_1_18' title='bbox 558 251 684 288; x_wconf 76' lang='lat' dir='ltr'><strong>facere</strong></span> <span class='ocrx_word' id='word_1_19' title='bbox 705 248 849 288; x_wconf 88' lang='lat' dir='ltr'><strong>conari.</strong></span> <span class='ocrx_word' id='word_1_20' title='bbox 907 250 1009 288; x_wconf 87' lang='lat' dir='ltr'><strong>Cum</strong></span> <span class='ocrx_word' id='word_1_21' title='bbox 1040 247 1222 298; x_wconf 87' lang='lat' dir='ltr'><strong>cupidius</strong></span> <span class='ocrx_word' id='word_1_22' title='bbox 1251 247 1422 293; x_wconf 77' lang='lat' dir='ltr'>instaret,</span> 
     </span>
     <span class='ocr_line' id='line_1_4' title="bbox 96 312 1424 367; baseline -0.004 -12"><span class='ocrx_word' id='word_1_23' title='bbox 96 315 248 355; x_wconf 87' lang='lat' dir='ltr'><strong>homini</strong></span> <span class='ocrx_word' id='word_1_24' title='bbox 277 329 349 367; x_wconf 93' lang='lat' dir='ltr'><strong>pro</strong></span> <span class='ocrx_word' id='word_1_25' title='bbox 377 315 549 354; x_wconf 82' lang='lat' dir='ltr'><strong>amicitia</strong></span> <span class='ocrx_word' id='word_1_26' title='bbox 578 314 805 353; x_wconf 83' lang='lat' dir='ltr'><strong>familiarius</strong></span> <span class='ocrx_word' id='word_1_27' title='bbox 835 314 914 353; x_wconf 75' lang='lat' dir='ltr'><strong>dixi</strong></span> <span class='ocrx_word' id='word_1_28' title='bbox 945 313 1039 352; x_wconf 78' lang='lat' dir='ltr'><strong>mihi</strong></span> <span class='ocrx_word' id='word_1_29' title='bbox 1061 312 1183 352; x_wconf 80' lang='lat' dir='ltr'><strong>videri</strong></span> <span class='ocrx_word' id='word_1_30' title='bbox 1213 326 1279 351; x_wconf 83' lang='lat' dir='ltr'><strong>ore</strong></span> <span class='ocrx_word' id='word_1_31' title='bbox 1304 312 1424 350; x_wconf 85' lang='lat' dir='ltr'><strong>duris-</strong></span> 
     </span>
     <span class='ocr_line' id='line_1_5' title="bbox 96 378 1422 430; baseline -0.003 -11"><span class='ocrx_word' id='word_1_32' title='bbox 96 381 196 419; x_wconf 89' lang='lat' dir='ltr'><strong>simo</strong></span> <span class='ocrx_word' id='word_1_33' title='bbox 226 394 311 419; x_wconf 90' lang='lat' dir='ltr'><strong>esse</strong></span> <span class='ocrx_word' id='word_1_34' title='bbox 340 380 408 430; x_wconf 87' lang='lat' dir='ltr'><strong>qui</strong></span> <span class='ocrx_word' id='word_1_35' title='bbox 438 388 643 430; x_wconf 76' lang='lat' dir='ltr'>praesente</span> <span class='ocrx_word' id='word_1_36' title='bbox 673 392 720 418; x_wconf 90' lang='lat' dir='ltr'><strong>eo</strong></span> <span class='ocrx_word' id='word_1_37' title='bbox 749 387 903 429; x_wconf 81' lang='lat' dir='ltr'><strong>gestum</strong></span> <span class='ocrx_word' id='word_1_38' title='bbox 930 392 1043 428; x_wconf 81' lang='lat' dir='ltr'><strong>agere</strong></span> <span class='ocrx_word' id='word_1_39' title='bbox 1064 386 1301 416; x_wconf 80' lang='lat' dir='ltr'>conarentur</span> <span class='ocrx_word' id='word_1_40' title='bbox 1316 392 1326 425; x_wconf 84' lang='lat'>;</span> <span class='ocrx_word' id='word_1_41' title='bbox 1356 378 1422 427; x_wconf 84' lang='lat' dir='ltr'><strong>qui</strong></span> 
     </span>
     <span class='ocr_line' id='line_1_6' title="bbox 57 443 1422 496; baseline -0.003 -11"><span class='ocrx_word' id='word_1_42' title='bbox 57 464 74 495; x_wconf 82' lang='lat'>5</span> <span class='ocrx_word' id='word_1_43' title='bbox 95 459 187 485; x_wconf 86' lang='lat' dir='ltr'><strong>vero</strong></span> <span class='ocrx_word' id='word_1_44' title='bbox 208 459 299 484; x_wconf 86' lang='lat' dir='ltr'><strong>cum</strong></span> <span class='ocrx_word' id='word_1_45' title='bbox 319 446 406 496; x_wconf 88' lang='lat' dir='ltr'><strong>ipso</strong></span> <span class='ocrx_word' id='word_1_46' title='bbox 427 446 727 492; x_wconf 77' lang='lat' dir='ltr'><strong>contenderent,</strong></span> <span class='ocrx_word' id='word_1_47' title='bbox 749 457 827 491; x_wconf 87' lang='lat' dir='ltr'><strong>eos,</strong></span> <span class='ocrx_word' id='word_1_48' title='bbox 851 444 967 482; x_wconf 90' lang='lat' dir='ltr'><strong>etiam</strong></span> <span class='ocrx_word' id='word_1_49' title='bbox 997 443 1028 481; x_wconf 90' lang='lat' dir='ltr'><strong>si</strong></span> <span class='ocrx_word' id='word_1_50' title='bbox 1059 443 1154 494; x_wconf 86' lang='lat' dir='ltr'><strong>quid</strong></span> <span class='ocrx_word' id='word_1_51' title='bbox 1184 451 1300 481; x_wconf 81' lang='lat' dir='ltr'><strong>antea</strong></span> <span class='ocrx_word' id='word_1_52' title='bbox 1329 443 1422 481; x_wconf 88' lang='lat' dir='ltr'><strong>recti</strong></span> 
     </span>
     <span class='ocr_line' id='line_1_7' title="bbox 95 508 1421 558; baseline -0.002 -9"><span class='ocrx_word' id='word_1_53' title='bbox 95 519 162 549; x_wconf 86' lang='lat' dir='ltr'><strong>aut</strong></span> <span class='ocrx_word' id='word_1_54' title='bbox 182 510 336 549; x_wconf 77' lang='lat' dir='ltr'><strong>venusti</strong></span> <span class='ocrx_word' id='word_1_55' title='bbox 366 511 512 548; x_wconf 83' lang='lat' dir='ltr'><strong>habere</strong></span> <span class='ocrx_word' id='word_1_56' title='bbox 541 509 611 548; x_wconf 82' lang='lat' dir='ltr'><strong>visi</strong></span> <span class='ocrx_word' id='word_1_57' title='bbox 643 517 783 556; x_wconf 80' lang='lat' dir='ltr'><strong>essent,</strong></span> <span class='ocrx_word' id='word_1_58' title='bbox 816 509 857 547; x_wconf 92' lang='lat' dir='ltr'><strong>id</strong></span> <span class='ocrx_word' id='word_1_59' title='bbox 886 509 1092 557; x_wconf 81' lang='lat' dir='ltr'><strong>amittere3</strong></span> <span class='ocrx_word' id='word_1_60' title='bbox 1119 521 1171 547; x_wconf 83' lang='lat' dir='ltr'><strong>ne</strong></span> <span class='ocrx_word' id='word_1_61' title='bbox 1201 508 1296 558; x_wconf 84' lang='lat' dir='ltr'><strong>quid</strong></span> <span class='ocrx_word' id='word_1_62' title='bbox 1327 508 1421 546; x_wconf 79' lang='lat' dir='ltr'><strong>mihi</strong></span> 
     </span>
     <span class='ocr_line' id='line_1_8' title="bbox 95 573 1423 621; baseline -0.002 -7"><span class='ocrx_word' id='word_1_63' title='bbox 95 576 275 614; x_wconf 89' lang='lat' dir='ltr'><strong>eiusdem</strong></span> <span class='ocrx_word' id='word_1_64' title='bbox 306 575 414 614; x_wconf 89' lang='lat' dir='ltr'><strong>modi</strong></span> <span class='ocrx_word' id='word_1_65' title='bbox 444 574 651 621; x_wconf 88' lang='lat' dir='ltr'><strong>accideret,</strong></span> <span class='ocrx_word' id='word_1_66' title='bbox 674 588 765 612; x_wconf 91' lang='lat' dir='ltr'><strong>cum</strong></span> <span class='ocrx_word' id='word_1_67' title='bbox 796 582 932 613; x_wconf 89' lang='lat' dir='ltr'><strong>contra</strong></span> <span class='ocrx_word' id='word_1_68' title='bbox 952 575 1069 612; x_wconf 81' lang='lat' dir='ltr'><strong>talem</strong></span> <span class='ocrx_word' id='word_1_69' title='bbox 1090 575 1278 612; x_wconf 86' lang='lat' dir='ltr'><strong>artificem</strong></span> <span class='ocrx_word' id='word_1_70' title='bbox 1300 573 1423 612; x_wconf 84' lang='lat' dir='ltr'><strong>dictu-</strong></span> 
     </span>
     <span class='ocr_line' id='line_1_9' title="bbox 95 640 558 687; baseline -0.004 -8"><span class='ocrx_word' id='word_1_71' title='bbox 95 654 158 679; x_wconf 83' lang='lat' dir='ltr'><strong>rus</strong></span> <span class='ocrx_word' id='word_1_72' title='bbox 179 654 317 687; x_wconf 89' lang='lat' dir='ltr'><strong>essem,</strong></span> <span class='ocrx_word' id='word_1_73' title='bbox 340 653 405 678; x_wconf 87' lang='lat' dir='ltr'><strong>me</strong></span> <span class='ocrx_word' id='word_1_74' title='bbox 426 640 558 678; x_wconf 78' lang='lat' dir='ltr'><strong>vereri.</strong></span> 
     </span>
     <span class='ocr_line' id='line_1_10' title="bbox 149 704 1420 744; baseline -0.002 -1"><span class='ocrx_word' id='word_1_75' title='bbox 149 708 253 743; x_wconf 89' lang='lat' dir='ltr'><strong>Tum</strong></span> <span class='ocrx_word' id='word_1_76' title='bbox 284 705 380 743; x_wconf 89' lang='lat' dir='ltr'><strong>mihi</strong></span> <span class='ocrx_word' id='word_1_77' title='bbox 410 705 579 743; x_wconf 83' lang='lat' dir='ltr'>Roscius</span> <span class='ocrx_word' id='word_1_78' title='bbox 610 713 647 744; x_wconf 91' lang='lat' dir='ltr'><strong>et</strong></span> <span class='ocrx_word' id='word_1_79' title='bbox 677 706 751 743; x_wconf 87' lang='lat' dir='ltr'><strong>alia</strong></span> <span class='ocrx_word' id='word_1_80' title='bbox 782 706 903 742; x_wconf 86' lang='lat' dir='ltr'><strong>multa</strong></span> <span class='ocrx_word' id='word_1_81' title='bbox 925 704 1185 742; x_wconf 88' lang='lat' dir='ltr'><strong>confirmandi</strong></span> <span class='ocrx_word' id='word_1_82' title='bbox 1205 704 1283 742; x_wconf 88' lang='lat' dir='ltr'><strong>mei</strong></span> <span class='ocrx_word' id='word_1_83' title='bbox 1303 717 1420 742; x_wconf 81' lang='lat' dir='ltr'><strong>causa</strong></span> 
     </span>
     <span class='ocr_line' id='line_1_11' title="bbox 40 769 1421 819; baseline -0.001 -10"><span class='ocrx_word' id='word_1_84' title='bbox 40 787 76 809; x_wconf 87' lang='grc' dir='ltr'><strong>ιο</strong></span> <span class='ocrx_word' id='word_1_85' title='bbox 96 770 202 817; x_wconf 82' lang='lat' dir='ltr'><strong>dixit,</strong></span> <span class='ocrx_word' id='word_1_86' title='bbox 226 778 269 808; x_wconf 92' lang='lat' dir='ltr'><strong>ut</strong></span> <span class='ocrx_word' id='word_1_87' title='bbox 299 784 361 808; x_wconf 90' lang='lat' dir='ltr'><strong>me</strong></span> <span class='ocrx_word' id='word_1_88' title='bbox 383 771 555 816; x_wconf 77' lang='lat' dir='ltr'><strong>hercule,</strong></span> <span class='ocrx_word' id='word_1_89' title='bbox 577 770 606 808; x_wconf 89' lang='lat' dir='ltr'><strong>si</strong></span> <span class='ocrx_word' id='word_1_90' title='bbox 639 770 734 808; x_wconf 86' lang='lat' dir='ltr'><strong>nihil</strong></span> <span class='ocrx_word' id='word_1_91' title='bbox 770 769 926 815; x_wconf 83' lang='lat' dir='ltr'><strong>diceret,</strong></span> <span class='ocrx_word' id='word_1_92' title='bbox 959 769 1078 807; x_wconf 86' lang='lat' dir='ltr'><strong>tacito</strong></span> <span class='ocrx_word' id='word_1_93' title='bbox 1109 769 1193 819; x_wconf 87' lang='lat' dir='ltr'><strong>ipso</strong></span> <span class='ocrx_word' id='word_1_94' title='bbox 1224 769 1353 807; x_wconf 88' lang='lat' dir='ltr'><strong>officio</strong></span> <span class='ocrx_word' id='word_1_95' title='bbox 1384 778 1421 807; x_wconf 87' lang='lat' dir='ltr'><strong>et</strong></span> 
     </span>
     <span class='ocr_line' id='line_1_12' title="bbox 95 835 1421 885; baseline -0.002 -11"><span class='ocrx_word' id='word_1_96' title='bbox 95 836 237 882; x_wconf 87' lang='lat' dir='ltr'><strong>studio,</strong></span> <span class='ocrx_word' id='word_1_97' title='bbox 279 836 387 885; x_wconf 82' lang='lat' dir='ltr'><strong>quod</strong></span> <span class='ocrx_word' id='word_1_98' title='bbox 427 835 599 874; x_wconf 83' lang='lat' dir='ltr'><strong>habebat</strong></span> <span class='ocrx_word' id='word_1_99' title='bbox 639 848 727 885; x_wconf 82' lang='lat' dir='ltr'><strong>erga</strong></span> <span class='ocrx_word' id='word_1_100' title='bbox 767 835 1033 885; x_wconf 85' lang='lat' dir='ltr'><strong>propinquum</strong></span> <span class='ocrx_word' id='word_1_101' title='bbox 1074 847 1199 879; x_wconf 83' lang='lat' dir='ltr'><strong>suum,</strong></span> <span class='ocrx_word' id='word_1_102' title='bbox 1242 835 1421 884; x_wconf 79' lang='lat' dir='ltr'><strong>quemvis</strong></span> 
     </span>
     <span class='ocr_line' id='line_1_13' title="bbox 95 899 1421 938; baseline -0.002 0"><span class='ocrx_word' id='word_1_103' title='bbox 95 899 565 938; x_wconf 75' lang='lat' dir='ltr'><strong>commoveret—etenim</strong></span> <span class='ocrx_word' id='word_1_104' title='bbox 599 914 691 938; x_wconf 91' lang='lat' dir='ltr'><strong>cum</strong></span> <span class='ocrx_word' id='word_1_105' title='bbox 723 899 859 938; x_wconf 81' lang='lat' dir='ltr'><strong>artifex</strong></span> <span class='ocrx_word' id='word_1_106' title='bbox 890 899 972 937; x_wconf 82' lang='lat' dir='ltr'><strong>eius</strong></span> <span class='ocrx_word' id='word_1_107' title='bbox 1015 899 1123 936; x_wconf 89' lang='lat' dir='ltr'><strong>modi</strong></span> <span class='ocrx_word' id='word_1_108' title='bbox 1157 899 1204 937; x_wconf 92' lang='lat' dir='ltr'><strong>sit</strong></span> <span class='ocrx_word' id='word_1_109' title='bbox 1237 908 1279 938; x_wconf 88' lang='lat' dir='ltr'><strong>ut</strong></span> <span class='ocrx_word' id='word_1_110' title='bbox 1315 901 1421 937; x_wconf 71' lang='lat' dir='ltr'><strong>solus</strong></span> 
     </span>
     <span class='ocr_line' id='line_1_14' title="bbox 94 965 1420 1016; baseline -0.002 -12"><span class='ocrx_word' id='word_1_111' title='bbox 94 966 271 1004; x_wconf 73' lang='lat' dir='ltr'><strong>videatur</strong></span> <span class='ocrx_word' id='word_1_112' title='bbox 301 966 442 1016; x_wconf 83' lang='lat' dir='ltr'><strong>dignus</strong></span> <span class='ocrx_word' id='word_1_113' title='bbox 473 979 558 1003; x_wconf 78' lang='lat' dir='ltr'><strong>esse</strong></span> <span class='ocrx_word' id='word_1_114' title='bbox 588 965 654 1015; x_wconf 84' lang='lat' dir='ltr'><strong>qui</strong></span> <span class='ocrx_word' id='word_1_115' title='bbox 686 965 724 1003; x_wconf 92' lang='lat' dir='ltr'><strong>in</strong></span> <span class='ocrx_word' id='word_1_116' title='bbox 756 977 897 1002; x_wconf 79' lang='lat' dir='ltr'><strong>scaena</strong></span> <span class='ocrx_word' id='word_1_117' title='bbox 923 972 1130 1014; x_wconf 81' lang='lat' dir='ltr'><strong>spectetur,</strong></span> <span class='ocrx_word' id='word_1_118' title='bbox 1154 973 1237 1002; x_wconf 92' lang='lat' dir='ltr'><strong>tum</strong></span> <span class='ocrx_word' id='word_1_119' title='bbox 1260 965 1316 1002; x_wconf 73' lang='lat' dir='ltr'><strong>vir</strong></span> <span class='ocrx_word' id='word_1_120' title='bbox 1336 965 1420 1002; x_wconf 82' lang='lat' dir='ltr'><strong>cius</strong></span> 
     </span>
     <span class='ocr_line' id='line_1_15' title="bbox 96 1029 1422 1080; baseline -0.001 -12"><span class='ocrx_word' id='word_1_121' title='bbox 96 1032 203 1069; x_wconf 89' lang='lat' dir='ltr'><strong>modi</strong></span> <span class='ocrx_word' id='word_1_122' title='bbox 226 1040 283 1069; x_wconf 83' lang='lat' dir='ltr'><strong>est</strong></span> <span class='ocrx_word' id='word_1_123' title='bbox 304 1040 346 1069; x_wconf 89' lang='lat' dir='ltr'><strong>ut</strong></span> <span class='ocrx_word' id='word_1_124' title='bbox 368 1033 474 1070; x_wconf 85' lang='lat' dir='ltr'><strong>solus</strong></span> <span class='ocrx_word' id='word_1_125' title='bbox 496 1031 637 1080; x_wconf 80' lang='lat' dir='ltr'><strong>dignus</strong></span> <span class='ocrx_word' id='word_1_126' title='bbox 659 1044 731 1068; x_wconf 80' lang='lat' dir='ltr'><strong>esse</strong></span> <span class='ocrx_word' id='word_1_127' title='bbox 752 1031 930 1068; x_wconf 75' lang='lat' dir='ltr'><strong>videatur</strong></span> <span class='ocrx_word' id='word_1_128' title='bbox 951 1029 1017 1079; x_wconf 83' lang='lat' dir='ltr'><strong>qui</strong></span> <span class='ocrx_word' id='word_1_129' title='bbox 1035 1043 1082 1068; x_wconf 82' lang='lat' dir='ltr'><strong>eo</strong></span> <span class='ocrx_word' id='word_1_130' title='bbox 1104 1042 1183 1067; x_wconf 89' lang='lat' dir='ltr'><strong>non</strong></span> <span class='ocrx_word' id='word_1_131' title='bbox 1203 1031 1422 1068; x_wconf 86' lang='lat' dir='ltr'><strong>accedat-—</strong></span> 
     </span>
     <span class='ocr_line' id='line_1_16' title="bbox 38 1094 1419 1146; baseline -0.002 -11"><span class='ocrx_word' id='word_1_132' title='bbox 38 1109 74 1142; x_wconf 84' lang='lat'><strong>15</strong></span> <span class='ocrx_word' id='word_1_133' title='bbox 95 1111 228 1135; x_wconf 77' lang='lat' dir='ltr'><strong>verum</strong></span> <span class='ocrx_word' id='word_1_134' title='bbox 253 1105 382 1135; x_wconf 87' lang='lat' dir='ltr'><strong>tamen</strong></span> <span class='ocrx_word' id='word_1_135' title='bbox 402 1112 408 1135; x_wconf 93' lang='lat'>:</span> <span class='ocrx_word' id='word_1_136' title='bbox 443 1096 607 1146; x_wconf 83' lang='lat' dir='ltr'><strong>‘Quid?</strong></span> <span class='ocrx_word' id='word_1_137' title='bbox 637 1097 693 1143; x_wconf 87' lang='lat' dir='ltr'><strong>si,&#39;</strong></span> <span class='ocrx_word' id='word_1_138' title='bbox 714 1095 851 1145; x_wconf 85' lang='lat' dir='ltr'><strong>inquit,</strong></span> <span class='ocrx_word' id='word_1_139' title='bbox 874 1099 882 1115; x_wconf 90' lang='lat'>‘</span> <span class='ocrx_word' id='word_1_140' title='bbox 899 1094 1021 1132; x_wconf 85' lang='lat' dir='ltr'><strong>habes</strong></span> <span class='ocrx_word' id='word_1_141' title='bbox 1037 1094 1118 1133; x_wconf 90' lang='lat' dir='ltr'><strong>eius</strong></span> <span class='ocrx_word' id='word_1_142' title='bbox 1133 1094 1242 1133; x_wconf 90' lang='lat' dir='ltr'><strong>modi</strong></span> <span class='ocrx_word' id='word_1_143' title='bbox 1262 1108 1419 1133; x_wconf 84' lang='lat' dir='ltr'><strong>causam</strong></span> 
     </span>
     <span class='ocr_line' id='line_1_17' title="bbox 94 1159 1421 1211; baseline -0.001 -12"><span class='ocrx_word' id='word_1_144' title='bbox 94 1169 136 1199; x_wconf 89' lang='lat' dir='ltr'><strong>ut</strong></span> <span class='ocrx_word' id='word_1_145' title='bbox 172 1162 251 1199; x_wconf 83' lang='lat' dir='ltr'><strong>hoc</strong></span> <span class='ocrx_word' id='word_1_146' title='bbox 290 1161 361 1199; x_wconf 87' lang='lat' dir='ltr'><strong>tibi</strong></span> <span class='ocrx_word' id='word_1_147' title='bbox 399 1162 561 1211; x_wconf 86' lang='lat' dir='ltr'><strong>planum</strong></span> <span class='ocrx_word' id='word_1_148' title='bbox 609 1161 657 1198; x_wconf 88' lang='lat' dir='ltr'><strong>sit</strong></span> <span class='ocrx_word' id='word_1_149' title='bbox 703 1160 941 1205; x_wconf 87' lang='lat' dir='ltr'><strong>faciendum,</strong></span> <span class='ocrx_word' id='word_1_150' title='bbox 984 1159 1184 1198; x_wconf 89' lang='lat' dir='ltr'><strong>neminem</strong></span> <span class='ocrx_word' id='word_1_151' title='bbox 1230 1173 1315 1197; x_wconf 81' lang='lat' dir='ltr'><strong>esse</strong></span> <span class='ocrx_word' id='word_1_152' title='bbox 1353 1161 1421 1210; x_wconf 86' lang='lat' dir='ltr'><strong>qui</strong></span> 
     </span>
     <span class='ocr_line' id='line_1_18' title="bbox 94 1225 1422 1277; baseline -0.002 -12"><span class='ocrx_word' id='word_1_153' title='bbox 94 1227 216 1277; x_wconf 88' lang='lat' dir='ltr'><strong>possit</strong></span> <span class='ocrx_word' id='word_1_154' title='bbox 244 1226 368 1265; x_wconf 87' lang='lat' dir='ltr'><strong>biduo</strong></span> <span class='ocrx_word' id='word_1_155' title='bbox 398 1235 465 1265; x_wconf 88' lang='lat' dir='ltr'><strong>aut</strong></span> <span class='ocrx_word' id='word_1_156' title='bbox 494 1240 695 1265; x_wconf 88' lang='lat' dir='ltr'><strong>summum</strong></span> <span class='ocrx_word' id='word_1_157' title='bbox 725 1226 856 1264; x_wconf 88' lang='lat' dir='ltr'><strong>triduo</strong></span> <span class='ocrx_word' id='word_1_158' title='bbox 887 1237 966 1263; x_wconf 85' lang='lat' dir='ltr'><strong>DCC</strong></span> <span class='ocrx_word' id='word_1_159' title='bbox 992 1225 1098 1263; x_wconf 82' lang='lat' dir='ltr'><strong>milia</strong></span> <span class='ocrx_word' id='word_1_160' title='bbox 1126 1238 1313 1275; x_wconf 82' lang='lat' dir='ltr'><strong>passuum</strong></span> <span class='ocrx_word' id='word_1_161' title='bbox 1343 1239 1422 1264; x_wconf 90' lang='lat' dir='ltr'><strong>am-</strong></span> 
     </span>
     <span class='ocr_line' id='line_1_19' title="bbox 93 1290 1420 1342; baseline -0.002 -12"><span class='ocrx_word' id='word_1_162' title='bbox 93 1292 239 1340; x_wconf 89' lang='lat' dir='ltr'><strong>bulare,</strong></span> <span class='ocrx_word' id='word_1_163' title='bbox 271 1300 457 1331; x_wconf 80' lang='lat' dir='ltr'><strong>tamenne</strong></span> <span class='ocrx_word' id='word_1_164' title='bbox 485 1292 628 1330; x_wconf 80' lang='lat' dir='ltr'><strong>vereris</strong></span> <span class='ocrx_word' id='word_1_165' title='bbox 658 1299 700 1330; x_wconf 89' lang='lat' dir='ltr'><strong>ut</strong></span> <span class='ocrx_word' id='word_1_166' title='bbox 729 1290 856 1342; x_wconf 88' lang='lat' dir='ltr'><strong>possis</strong></span> <span class='ocrx_word' id='word_1_167' title='bbox 887 1292 963 1329; x_wconf 88' lang='lat' dir='ltr'><strong>hoc</strong></span> <span class='ocrx_word' id='word_1_168' title='bbox 993 1298 1129 1329; x_wconf 90' lang='lat' dir='ltr'><strong>contra</strong></span> <span class='ocrx_word' id='word_1_169' title='bbox 1159 1290 1420 1330; x_wconf 84' lang='lat' dir='ltr'><strong>Hortensium</strong></span> 
     </span>
     <span class='ocr_line' id='line_1_20' title="bbox 93 1355 1421 1407; baseline -0.001 -11"><span class='ocrx_word' id='word_1_170' title='bbox 93 1359 390 1396; x_wconf 88' lang='lat' dir='ltr'><strong>contendere?&#39;</strong></span> <span class='ocrx_word' id='word_1_171' title='bbox 451 1356 667 1405; x_wconf 83' lang='lat' dir='ltr'><strong>‘Minime,⁷</strong></span> <span class='ocrx_word' id='word_1_172' title='bbox 688 1356 862 1407; x_wconf 85' lang='lat' dir='ltr'><strong>inquam,</strong></span> <span class='ocrx_word' id='word_1_173' title='bbox 899 1357 993 1394; x_wconf 87' lang='lat' dir='ltr'><strong>‘sed</strong></span> <span class='ocrx_word' id='word_1_174' title='bbox 1023 1355 1119 1406; x_wconf 88' lang='lat' dir='ltr'><strong>quid</strong></span> <span class='ocrx_word' id='word_1_175' title='bbox 1148 1355 1188 1394; x_wconf 91' lang='lat' dir='ltr'><strong>id</strong></span> <span class='ocrx_word' id='word_1_176' title='bbox 1214 1357 1265 1394; x_wconf 86' lang='lat' dir='ltr'><strong>ad</strong></span> <span class='ocrx_word' id='word_1_177' title='bbox 1286 1358 1421 1395; x_wconf 77' lang='lat' dir='ltr'><strong>reniP&#39;</strong></span> 
     </span>
     <span class='ocr_line' id='line_1_21' title="bbox 35 1420 1421 1473; baseline 0 -13"><span class='ocrx_word' id='word_1_178' title='bbox 35 1439 75 1461; x_wconf 90' lang='lat'><strong>20</strong></span> <span class='ocrx_word' id='word_1_179' title='bbox 96 1422 341 1469; x_wconf 86' lang='lat' dir='ltr'><strong>‘Nimirum‚’</strong></span> <span class='ocrx_word' id='word_1_180' title='bbox 363 1422 500 1473; x_wconf 88' lang='lat' dir='ltr'><strong>inquit,</strong></span> <span class='ocrx_word' id='word_1_181' title='bbox 527 1422 588 1460; x_wconf 85' lang='lat' dir='ltr'><strong>‘in</strong></span> <span class='ocrx_word' id='word_1_182' title='bbox 615 1435 663 1460; x_wconf 87' lang='lat' dir='ltr'><strong>eo</strong></span> <span class='ocrx_word' id='word_1_183' title='bbox 690 1434 808 1460; x_wconf 88' lang='lat' dir='ltr'><strong>causa</strong></span> <span class='ocrx_word' id='word_1_184' title='bbox 832 1420 1035 1459; x_wconf 62' lang='lat' dir='ltr'><strong>consistit!</strong></span> <span class='ocrx_word' id='word_1_185' title='bbox 1097 1424 1105 1440; x_wconf 92' lang='lat'>‘</span> <span class='ocrx_word' id='word_1_186' title='bbox 1123 1422 1214 1470; x_wconf 86' lang='lat' dir='ltr'><strong>Quo</strong></span> <span class='ocrx_word' id='word_1_187' title='bbox 1243 1423 1421 1460; x_wconf 87' lang='lat' dir='ltr'><strong>modo?’</strong></span> 
     </span>
     <span class='ocr_line' id='line_1_22' title="bbox 95 1486 1418 1536; baseline -0.002 -10"><span class='ocrx_word' id='word_1_188' title='bbox 95 1490 224 1527; x_wconf 84' lang='lat' dir='ltr'><strong>Docet</strong></span> <span class='ocrx_word' id='word_1_189' title='bbox 246 1502 308 1527; x_wconf 88' lang='lat' dir='ltr'><strong>me</strong></span> <span class='ocrx_word' id='word_1_190' title='bbox 329 1487 411 1526; x_wconf 91' lang='lat' dir='ltr'><strong>eius</strong></span> <span class='ocrx_word' id='word_1_191' title='bbox 433 1487 541 1526; x_wconf 90' lang='lat' dir='ltr'><strong>modi</strong></span> <span class='ocrx_word' id='word_1_192' title='bbox 562 1500 643 1525; x_wconf 88' lang='lat' dir='ltr'><strong>rem</strong></span> <span class='ocrx_word' id='word_1_193' title='bbox 665 1495 703 1525; x_wconf 90' lang='lat' dir='ltr'><strong>et</strong></span> <span class='ocrx_word' id='word_1_194' title='bbox 732 1487 878 1525; x_wconf 85' lang='lat' dir='ltr'><strong>factum</strong></span> <span class='ocrx_word' id='word_1_195' title='bbox 901 1486 1016 1524; x_wconf 90' lang='lat' dir='ltr'><strong>simul</strong></span> <span class='ocrx_word' id='word_1_196' title='bbox 1044 1487 1128 1525; x_wconf 85' lang='lat' dir='ltr'><strong>Sex.</strong></span> <span class='ocrx_word' id='word_1_197' title='bbox 1153 1486 1277 1525; x_wconf 77' lang='lat' dir='ltr'><strong>Naevi</strong></span> <span class='ocrx_word' id='word_1_198' title='bbox 1298 1488 1418 1536; x_wconf 85' lang='lat' dir='ltr'><strong>quod,</strong></span> 
     </span>
     <span class='ocr_line' id='line_1_23' title="bbox 92 1551 1419 1603; baseline -0.002 -12"><span class='ocrx_word' id='word_1_199' title='bbox 92 1554 122 1591; x_wconf 87' lang='lat' dir='ltr'><strong>si</strong></span> <span class='ocrx_word' id='word_1_200' title='bbox 163 1553 277 1591; x_wconf 87' lang='lat' dir='ltr'><strong>simul</strong></span> <span class='ocrx_word' id='word_1_201' title='bbox 318 1555 563 1603; x_wconf 83' lang='lat' dir='ltr'><strong>proferretur,</strong></span> <span class='ocrx_word' id='word_1_202' title='bbox 606 1552 698 1590; x_wconf 88' lang='lat' dir='ltr'><strong>satis</strong></span> <span class='ocrx_word' id='word_1_203' title='bbox 737 1565 823 1590; x_wconf 87' lang='lat' dir='ltr'><strong>esse</strong></span> <span class='ocrx_word' id='word_1_204' title='bbox 862 1552 1034 1590; x_wconf 86' lang='lat' dir='ltr'><strong>deberet.</strong></span> <span class='ocrx_word' id='word_1_205' title='bbox 1100 1552 1221 1600; x_wconf 82' lang='lat' dir='ltr'><strong>Quod</strong></span> <span class='ocrx_word' id='word_1_206' title='bbox 1260 1551 1331 1589; x_wconf 84' lang='lat' dir='ltr'><strong>abs</strong></span> <span class='ocrx_word' id='word_1_207' title='bbox 1369 1559 1419 1598; x_wconf 90' lang='lat' dir='ltr'><strong>te,</strong></span> 
     </span>
     <span class='ocr_line' id='line_1_24' title="bbox 94 1616 1423 1669; baseline -0.002 -12"><span class='ocrx_word' id='word_1_208' title='bbox 94 1619 137 1658; x_wconf 91' lang='lat' dir='ltr'><strong>C.</strong></span> <span class='ocrx_word' id='word_1_209' title='bbox 161 1619 307 1669; x_wconf 83' lang='lat' dir='ltr'><strong>Aquili,</strong></span> <span class='ocrx_word' id='word_1_210' title='bbox 332 1627 368 1657; x_wconf 82' lang='lat' dir='ltr'><strong>et</strong></span> <span class='ocrx_word' id='word_1_211' title='bbox 389 1633 411 1656; x_wconf 87' lang='lat' dir='ltr'><strong>a</strong></span> <span class='ocrx_word' id='word_1_212' title='bbox 432 1618 543 1656; x_wconf 73' lang='lat' dir='ltr'><strong>vobis</strong></span> <span class='ocrx_word' id='word_1_213' title='bbox 566 1618 631 1668; x_wconf 88' lang='lat' dir='ltr'><strong>qui</strong></span> <span class='ocrx_word' id='word_1_214' title='bbox 662 1617 807 1656; x_wconf 86' lang='lat' dir='ltr'><strong>adestis</strong></span> <span class='ocrx_word' id='word_1_215' title='bbox 830 1617 868 1655; x_wconf 92' lang='lat' dir='ltr'><strong>in</strong></span> <span class='ocrx_word' id='word_1_216' title='bbox 891 1616 1067 1663; x_wconf 88' lang='lat' dir='ltr'><strong>consilio,</strong></span> <span class='ocrx_word' id='word_1_217' title='bbox 1091 1630 1237 1666; x_wconf 78' lang='lat' dir='ltr'><strong>quaeso</strong></span> <span class='ocrx_word' id='word_1_218' title='bbox 1268 1625 1309 1655; x_wconf 88' lang='lat' dir='ltr'><strong>ut</strong></span> <span class='ocrx_word' id='word_1_219' title='bbox 1339 1616 1423 1654; x_wconf 88' lang='lat' dir='ltr'><strong>dili-</strong></span> 
     </span>
     <span class='ocr_line' id='line_1_25' title="bbox 92 1680 1422 1734; baseline -0.002 -12"><span class='ocrx_word' id='word_1_220' title='bbox 92 1692 227 1734; x_wconf 75' lang='lat' dir='ltr'><strong>genter</strong></span> <span class='ocrx_word' id='word_1_221' title='bbox 265 1684 502 1731; x_wconf 75' lang='lat' dir='ltr'><strong>attendatis3</strong></span> <span class='ocrx_word' id='word_1_222' title='bbox 551 1684 728 1733; x_wconf 87' lang='lat' dir='ltr'><strong>profecto</strong></span> <span class='ocrx_word' id='word_1_223' title='bbox 777 1682 1010 1732; x_wconf 84' lang='lat' dir='ltr'><strong>intellegetis</strong></span> <span class='ocrx_word' id='word_1_224' title='bbox 1058 1681 1162 1719; x_wconf 90' lang='lat' dir='ltr'><strong>illinc</strong></span> <span class='ocrx_word' id='word_1_225' title='bbox 1211 1682 1260 1719; x_wconf 87' lang='lat' dir='ltr'><strong>ab</strong></span> <span class='ocrx_word' id='word_1_226' title='bbox 1309 1680 1422 1720; x_wconf 88' lang='lat' dir='ltr'><strong>initio</strong></span> 
     </span>
     <span class='ocr_line' id='line_1_26' title="bbox 36 1746 1423 1799; baseline -0.001 -14"><span class='ocrx_word' id='word_1_227' title='bbox 36 1763 74 1796; x_wconf 88' lang='lat'><strong>25</strong></span> <span class='ocrx_word' id='word_1_228' title='bbox 93 1749 350 1799; x_wconf 84' lang='lat' dir='ltr'><strong>cupiditatem</strong></span> <span class='ocrx_word' id='word_1_229' title='bbox 382 1761 576 1798; x_wconf 78' lang='lat' dir='ltr'><strong>pugnasse</strong></span> <span class='ocrx_word' id='word_1_230' title='bbox 608 1755 645 1786; x_wconf 88' lang='lat' dir='ltr'><strong>et</strong></span> <span class='ocrx_word' id='word_1_231' title='bbox 675 1747 893 1793; x_wconf 77' lang='lat' dir='ltr'><strong>audaciam,</strong></span> <span class='ocrx_word' id='word_1_232' title='bbox 927 1746 1018 1784; x_wconf 81' lang='lat' dir='ltr'><strong>hinc</strong></span> <span class='ocrx_word' id='word_1_233' title='bbox 1049 1746 1251 1785; x_wconf 87' lang='lat' dir='ltr'><strong>veritatem</strong></span> <span class='ocrx_word' id='word_1_234' title='bbox 1283 1754 1321 1784; x_wconf 85' lang='lat' dir='ltr'><strong>et</strong></span> <span class='ocrx_word' id='word_1_235' title='bbox 1355 1760 1423 1796; x_wconf 85' lang='lat' dir='ltr'><strong>pu-</strong></span> 
     </span>
     <span class='ocr_line' id='line_1_27' title="bbox 93 1811 1422 1864; baseline -0.002 -12"><span class='ocrx_word' id='word_1_236' title='bbox 93 1816 228 1852; x_wconf 84' lang='lat' dir='ltr'><strong>dorem</strong></span> <span class='ocrx_word' id='word_1_237' title='bbox 246 1815 378 1864; x_wconf 86' lang='lat' dir='ltr'><strong>quoad</strong></span> <span class='ocrx_word' id='word_1_238' title='bbox 400 1813 570 1863; x_wconf 82' lang='lat' dir='ltr'><strong>potuerit</strong></span> <span class='ocrx_word' id='word_1_239' title='bbox 587 1812 784 1851; x_wconf 89' lang='lat' dir='ltr'><strong>restitisse.</strong></span> <span class='ocrx_word' id='word_1_240' title='bbox 835 1814 947 1850; x_wconf 86' lang='lat' dir='ltr'><strong>Bona</strong></span> <span class='ocrx_word' id='word_1_241' title='bbox 969 1813 1143 1862; x_wconf 88' lang='lat' dir='ltr'><strong>postulas</strong></span> <span class='ocrx_word' id='word_1_242' title='bbox 1164 1819 1205 1849; x_wconf 87' lang='lat' dir='ltr'><strong>ut</strong></span> <span class='ocrx_word' id='word_1_243' title='bbox 1227 1824 1273 1850; x_wconf 83' lang='lat' dir='ltr'><strong>ex</strong></span> <span class='ocrx_word' id='word_1_244' title='bbox 1289 1811 1422 1850; x_wconf 89' lang='lat' dir='ltr'><strong>edicto</strong></span> 
     </span>
     <span class='ocr_line' id='line_1_28' title="bbox 93 1876 1424 1928; baseline -0.001 -11"><span class='ocrx_word' id='word_1_245' title='bbox 93 1879 293 1928; x_wconf 84' lang='lat' dir='ltr'><strong>possidere</strong></span> <span class='ocrx_word' id='word_1_246' title='bbox 314 1879 439 1917; x_wconf 85' lang='lat' dir='ltr'><strong>liceat.</strong></span> <span class='ocrx_word' id='word_1_247' title='bbox 483 1880 575 1927; x_wconf 87' lang='lat' dir='ltr'><strong>Quo</strong></span> <span class='ocrx_word' id='word_1_248' title='bbox 601 1878 694 1917; x_wconf 87' lang='lat' dir='ltr'><strong>die?</strong></span> <span class='ocrx_word' id='word_1_249' title='bbox 742 1880 801 1916; x_wconf 87' lang='lat' dir='ltr'><strong>Te</strong></span> <span class='ocrx_word' id='word_1_250' title='bbox 826 1877 966 1928; x_wconf 88' lang='lat' dir='ltr'><strong>ipsum,</strong></span> <span class='ocrx_word' id='word_1_251' title='bbox 991 1877 1127 1924; x_wconf 87' lang='lat' dir='ltr'><strong>Naevi,</strong></span> <span class='ocrx_word' id='word_1_252' title='bbox 1151 1878 1241 1915; x_wconf 80' lang='lat' dir='ltr'><strong>volo</strong></span> <span class='ocrx_word' id='word_1_253' title='bbox 1260 1876 1424 1926; x_wconf 81' lang='lat' dir='ltr'><strong>audire;</strong></span> 
     </span>
    </p>
   </div>
   <div class='ocr_carea' id='block_1_3' title="bbox 90 1981 1422 2362">
    <p class='ocr_par' dir='ltr' id='par_1_3' title="bbox 90 1981 1422 2362">
     <span class='ocr_line' id='line_1_29' title="bbox 137 1981 1420 2021; baseline 0 -8"><span class='ocrx_word' id='word_1_254' title='bbox 137 1995 155 2021; x_wconf 81' lang='lat'>4</span> <span class='ocrx_word' id='word_1_255' title='bbox 181 1988 362 2013; x_wconf 81' lang='lat' dir='ltr'><strong>conaretur</strong></span> <span class='ocrx_word' id='word_1_256' title='bbox 378 1982 467 2015; x_wconf 86' lang='lat' dir='ltr'><strong>codd.</strong></span> <span class='ocrx_word' id='word_1_257' title='bbox 484 1995 491 2014; x_wconf 89' lang='lat'>:</span> <span class='ocrx_word' id='word_1_258' title='bbox 516 1994 595 2014; x_wconf 79' lang='lat' dir='ltr'><strong>corr.</strong></span> <span class='ocrx_word' id='word_1_259' title='bbox 615 1982 724 2013; x_wconf 81' lang='lat' dir='ltr'><strong>Halm</strong></span> <span class='ocrx_word' id='word_1_260' title='bbox 878 1985 898 2013; x_wconf 90' lang='lat'><strong>6</strong></span> <span class='ocrx_word' id='word_1_261' title='bbox 923 1987 1038 2012; x_wconf 84' lang='lat' dir='ltr'><strong>essent</strong></span> <span class='ocrx_word' id='word_1_262' title='bbox 1058 1981 1212 2012; x_wconf 75' lang='lat' dir='ltr'><strong>Ernesti:</strong></span> <span class='ocrx_word' id='word_1_263' title='bbox 1235 1985 1314 2012; x_wconf 86' lang='lat' dir='ltr'><strong>sunt</strong></span> <span class='ocrx_word' id='word_1_264' title='bbox 1331 1981 1420 2014; x_wconf 77' lang='lat' dir='ltr'><em>codd.</em></span> 
     </span>
     <span class='ocr_line' id='line_1_30' title="bbox 96 2025 1422 2067; baseline -0.002 -10"><span class='ocrx_word' id='word_1_265' title='bbox 96 2038 111 2067; x_wconf 89' lang='lat'>7</span> <span class='ocrx_word' id='word_1_266' title='bbox 137 2027 289 2057; x_wconf 86' lang='lat' dir='ltr'><strong>eiusdem</strong></span> <span class='ocrx_word' id='word_1_267' title='bbox 308 2031 330 2057; x_wconf 88' lang='grc' dir='ltr'>Σ</span> <span class='ocrx_word' id='word_1_268' title='bbox 349 2038 356 2058; x_wconf 91' lang='lat'><strong>:</strong></span> <span class='ocrx_word' id='word_1_269' title='bbox 382 2028 454 2057; x_wconf 83' lang='lat' dir='ltr'><strong>cius</strong></span> <span class='ocrx_word' id='word_1_270' title='bbox 471 2027 488 2055; x_wconf 76' lang='lat' dir='ltr'><strong>l)</strong></span> <span class='ocrx_word' id='word_1_271' title='bbox 507 2038 513 2057; x_wconf 89' lang='lat'><strong>:</strong></span> <span class='ocrx_word' id='word_1_272' title='bbox 535 2027 633 2057; x_wconf 90' lang='lat' dir='ltr'><strong>huius</strong></span> <span class='ocrx_word' id='word_1_273' title='bbox 651 2037 688 2057; x_wconf 87' lang='lat' dir='ltr'><strong>c:</strong></span> <span class='ocrx_word' id='word_1_274' title='bbox 714 2027 853 2056; x_wconf 83' lang='lat' dir='ltr'><strong>huiusce</strong></span> <span class='ocrx_word' id='word_1_275' title='bbox 870 2026 890 2056; x_wconf 70' lang='lat' dir='ltr'><strong>le</strong></span> <span class='ocrx_word' id='word_1_276' title='bbox 1012 2036 1032 2064; x_wconf 92' lang='lat'><strong>9</strong></span> <span class='ocrx_word' id='word_1_277' title='bbox 1058 2025 1105 2065; x_wconf 87' lang='lat' dir='ltr'><strong>et]</strong></span> <span class='ocrx_word' id='word_1_278' title='bbox 1124 2030 1159 2055; x_wconf 90' lang='lat' dir='ltr'><strong>ut</strong></span> <span class='ocrx_word' id='word_1_279' title='bbox 1178 2028 1202 2056; x_wconf 86' lang='grc' dir='ltr'>Σ</span> <span class='ocrx_word' id='word_1_280' title='bbox 1309 2036 1346 2055; x_wconf 88' lang='lat'><strong>10</strong></span> <span class='ocrx_word' id='word_1_281' title='bbox 1371 2025 1422 2066; x_wconf 84' lang='lat' dir='ltr'><strong>ut]</strong></span> 
     </span>
     <span class='ocr_line' id='line_1_31' title="bbox 93 2068 1419 2109; baseline 0 -9"><span class='ocrx_word' id='word_1_282' title='bbox 93 2076 127 2101; x_wconf 85' lang='lat' dir='ltr'><strong>et</strong></span> <span class='ocrx_word' id='word_1_283' title='bbox 145 2071 165 2100; x_wconf 79' lang='lat' dir='ltr'><em>k</em></span> <span class='ocrx_word' id='word_1_284' title='bbox 287 2080 324 2108; x_wconf 85' lang='lat'><strong>13</strong></span> <span class='ocrx_word' id='word_1_285' title='bbox 349 2071 504 2101; x_wconf 78' lang='lat' dir='ltr'><strong>videatur</strong></span> <span class='ocrx_word' id='word_1_286' title='bbox 522 2070 644 2109; x_wconf 85' lang='lat' dir='ltr'><strong>dignus</strong></span> <span class='ocrx_word' id='word_1_287' title='bbox 664 2069 801 2109; x_wconf 66' lang='lat' dir='ltr'><strong>Quintil⁴</strong></span> <span class='ocrx_word' id='word_1_288' title='bbox 822 2071 864 2100; x_wconf 70' lang='lat' dir='ltr'><strong>iX.</strong></span> <span class='ocrx_word' id='word_1_289' title='bbox 885 2079 914 2108; x_wconf 81' lang='lat'><strong>3.</strong></span> <span class='ocrx_word' id='word_1_290' title='bbox 935 2070 997 2100; x_wconf 84' lang='lat'><strong>86:</strong></span> <span class='ocrx_word' id='word_1_291' title='bbox 1025 2068 1146 2107; x_wconf 83' lang='lat' dir='ltr'><strong>dignus</strong></span> <span class='ocrx_word' id='word_1_292' title='bbox 1163 2068 1316 2099; x_wconf 82' lang='lat' dir='ltr'><strong>videatur</strong></span> <span class='ocrx_word' id='word_1_293' title='bbox 1331 2068 1419 2100; x_wconf 72' lang='lat' dir='ltr'><em>codd.</em></span> 
     </span>
     <span class='ocr_line' id='line_1_32' title="bbox 93 2111 1419 2154; baseline 0 -10"><span class='ocrx_word' id='word_1_294' title='bbox 93 2115 126 2144; x_wconf 92' lang='lat' dir='ltr'><strong>in</strong></span> <span class='ocrx_word' id='word_1_295' title='bbox 153 2124 274 2145; x_wconf 81' lang='lat' dir='ltr'><strong>scaena</strong></span> <span class='ocrx_word' id='word_1_296' title='bbox 301 2115 490 2154; x_wconf 75' lang='lat' dir='ltr'><strong>spectetur]</strong></span> <span class='ocrx_word' id='word_1_297' title='bbox 517 2124 672 2145; x_wconf 84' lang='lat' dir='ltr'><strong>scaenam</strong></span> <span class='ocrx_word' id='word_1_298' title='bbox 693 2114 839 2144; x_wconf 85' lang='lat' dir='ltr'><strong>introeat</strong></span> <span class='ocrx_word' id='word_1_299' title='bbox 858 2112 996 2152; x_wconf 73' lang='lat' dir='ltr'><strong>Quintil.</strong></span> <span class='ocrx_word' id='word_1_300' title='bbox 1151 2111 1236 2152; x_wconf 87' lang='lat' dir='ltr'><strong>tum]</strong></span> <span class='ocrx_word' id='word_1_301' title='bbox 1256 2116 1366 2142; x_wconf 82' lang='lat' dir='ltr'><strong>tamen</strong></span> <span class='ocrx_word' id='word_1_302' title='bbox 1384 2112 1419 2144; x_wconf 83' lang='grc' dir='ltr'><strong>Σι</strong></span> 
     </span>
     <span class='ocr_line' id='line_1_33' title="bbox 97 2154 1419 2198; baseline -0.002 -10"><span class='ocrx_word' id='word_1_303' title='bbox 97 2170 133 2196; x_wconf 86' lang='lat'><strong>14</strong></span> <span class='ocrx_word' id='word_1_304' title='bbox 160 2167 237 2188; x_wconf 81' lang='lat' dir='ltr'><strong>esse</strong></span> <span class='ocrx_word' id='word_1_305' title='bbox 255 2158 360 2198; x_wconf 78' lang='lat' dir='ltr'><strong>suppl.</strong></span> <span class='ocrx_word' id='word_1_306' title='bbox 382 2156 509 2188; x_wconf 83' lang='lat' dir='ltr'><strong>Emle1&#39;n</strong></span> <span class='ocrx_word' id='word_1_307' title='bbox 528 2167 543 2187; x_wconf 81' lang='lat' dir='ltr'><strong>e</strong></span> <span class='ocrx_word' id='word_1_308' title='bbox 556 2157 701 2198; x_wconf 62' lang='lat' dir='ltr'><strong>vesttjgiis</strong></span> <span class='ocrx_word' id='word_1_309' title='bbox 713 2157 780 2189; x_wconf 84' lang='lat' dir='ltr'><strong>cod.</strong></span> <span class='ocrx_word' id='word_1_310' title='bbox 794 2158 826 2187; x_wconf 82' lang='lat' dir='ltr'><em>A</em></span> <span class='ocrx_word' id='word_1_311' title='bbox 843 2156 1046 2195; x_wconf 74' lang='lat' dir='ltr'><strong>Quintiliani</strong></span> <span class='ocrx_word' id='word_1_312' title='bbox 1140 2165 1180 2186; x_wconf 88' lang='lat' dir='ltr'><strong>eo</strong></span> <span class='ocrx_word' id='word_1_313' title='bbox 1198 2165 1263 2186; x_wconf 85' lang='lat' dir='ltr'><strong>om.</strong></span> <span class='ocrx_word' id='word_1_314' title='bbox 1279 2154 1419 2194; x_wconf 76' lang='lat' dir='ltr'><strong>Quintil.</strong></span> 
     </span>
     <span class='ocr_line' id='line_1_34' title="bbox 97 2198 1421 2241; baseline -0.002 -10"><span class='ocrx_word' id='word_1_315' title='bbox 97 2211 132 2240; x_wconf 86' lang='lat'><strong>17</strong></span> <span class='ocrx_word' id='word_1_316' title='bbox 161 2200 233 2241; x_wconf 87' lang='lat' dir='ltr'><strong>aut]</strong></span> <span class='ocrx_word' id='word_1_317' title='bbox 252 2202 293 2231; x_wconf 85' lang='lat' dir='ltr'><strong>ad</strong></span> <span class='ocrx_word' id='word_1_318' title='bbox 312 2200 343 2230; x_wconf 72' lang='lat' dir='ltr'><strong>bl</strong></span> <span class='ocrx_word' id='word_1_319' title='bbox 452 2202 489 2231; x_wconf 90' lang='lat'><strong>18</strong></span> <span class='ocrx_word' id='word_1_320' title='bbox 514 2206 674 2231; x_wconf 81' lang='lat' dir='ltr'><strong>tamenne</strong></span> <span class='ocrx_word' id='word_1_321' title='bbox 692 2203 762 2239; x_wconf 74' lang='grc' dir='ltr'><strong>Σχτ</strong></span> <span class='ocrx_word' id='word_1_322' title='bbox 787 2206 855 2232; x_wconf 87' lang='lat' dir='ltr'><strong>tum</strong></span> <span class='ocrx_word' id='word_1_323' title='bbox 874 2210 917 2230; x_wconf 85' lang='lat' dir='ltr'><strong>ne</strong></span> <span class='ocrx_word' id='word_1_324' title='bbox 936 2200 986 2231; x_wconf 61' lang='grc' dir='ltr'><strong>ὂς</strong></span> <span class='ocrx_word' id='word_1_325' title='bbox 1073 2199 1157 2229; x_wconf 84' lang='lat' dir='ltr'><strong>haec</strong></span> <span class='ocrx_word' id='word_1_326' title='bbox 1175 2198 1245 2238; x_wconf 61' lang='grc' dir='ltr'><strong>ὺῑχὶ</strong></span> <span class='ocrx_word' id='word_1_327' title='bbox 1379 2209 1421 2237; x_wconf 79' lang='lat'><strong>23</strong></span> 
     </span>
     <span class='ocr_line' id='line_1_35' title="bbox 93 2242 1419 2282; baseline -0.003 -7"><span class='ocrx_word' id='word_1_328' title='bbox 93 2244 223 2275; x_wconf 81' lang='lat' dir='ltr'><strong>adestis</strong></span> <span class='ocrx_word' id='word_1_329' title='bbox 242 2244 339 2276; x_wconf 63' lang='lat' dir='ltr'><strong>Ehlk:</strong></span> <span class='ocrx_word' id='word_1_330' title='bbox 366 2245 450 2275; x_wconf 81' lang='lat' dir='ltr'><strong>estis</strong></span> <span class='ocrx_word' id='word_1_331' title='bbox 468 2248 531 2275; x_wconf 68' lang='lat' dir='ltr'><strong>cell.</strong></span> <span class='ocrx_word' id='word_1_332' title='bbox 648 2254 689 2282; x_wconf 86' lang='lat'><strong>24</strong></span> <span class='ocrx_word' id='word_1_333' title='bbox 715 2243 804 2274; x_wconf 88' lang='lat' dir='ltr'><strong>illinc</strong></span> <span class='ocrx_word' id='word_1_334' title='bbox 831 2243 875 2273; x_wconf 89' lang='lat' dir='ltr'><strong>B:</strong></span> <span class='ocrx_word' id='word_1_335' title='bbox 902 2243 992 2274; x_wconf 88' lang='lat' dir='ltr'><strong>illum</strong></span> <span class='ocrx_word' id='word_1_336' title='bbox 1012 2246 1087 2282; x_wconf 68' lang='grc' dir='ltr'><strong>Σχε</strong></span> <span class='ocrx_word' id='word_1_337' title='bbox 1115 2242 1202 2273; x_wconf 81' lang='lat' dir='ltr'><strong>illam</strong></span> <span class='ocrx_word' id='word_1_338' title='bbox 1230 2242 1285 2272; x_wconf 80' lang='lat' dir='ltr'><strong>l›¹:</strong></span> <span class='ocrx_word' id='word_1_339' title='bbox 1312 2242 1419 2281; x_wconf 85' lang='lat' dir='ltr'><strong>ipsum</strong></span> 
     </span>
     <span class='ocr_line' id='line_1_36' title="bbox 91 2285 1420 2327; baseline -0.002 -8"><span class='ocrx_word' id='word_1_340' title='bbox 91 2288 142 2319; x_wconf 70' lang='lat'><strong>⁶7:</strong></span> <span class='ocrx_word' id='word_1_341' title='bbox 168 2287 246 2317; x_wconf 90' lang='lat' dir='ltr'><strong>illim</strong></span> <span class='ocrx_word' id='word_1_342' title='bbox 267 2286 387 2318; x_wconf 76' lang='lat' dir='ltr'><strong>Miiller</strong></span> <span class='ocrx_word' id='word_1_343' title='bbox 519 2298 558 2327; x_wconf 81' lang='lat'><strong>25</strong></span> <span class='ocrx_word' id='word_1_344' title='bbox 583 2288 801 2327; x_wconf 86' lang='lat' dir='ltr'><strong>cupiditatem</strong></span> <span class='ocrx_word' id='word_1_345' title='bbox 821 2286 874 2319; x_wconf 74' lang='grc' dir='ltr'><strong>ΣΙ)1</strong></span> <span class='ocrx_word' id='word_1_346' title='bbox 895 2299 901 2316; x_wconf 87' lang='lat'>:</span> <span class='ocrx_word' id='word_1_347' title='bbox 927 2287 1109 2325; x_wconf 76' lang='lat' dir='ltr'><strong>cupiditate</strong></span> <span class='ocrx_word' id='word_1_348' title='bbox 1125 2289 1190 2318; x_wconf 76' lang='lat' dir='ltr'><strong>cett.</strong></span> <span class='ocrx_word' id='word_1_349' title='bbox 1287 2285 1361 2315; x_wconf 84' lang='lat' dir='ltr'><strong>hinc</strong></span> <span class='ocrx_word' id='word_1_350' title='bbox 1379 2286 1420 2316; x_wconf 83' lang='lat' dir='ltr'><strong>b:</strong></span> 
     </span>
     <span class='ocr_line' id='line_1_37' title="bbox 90 2331 248 2362; baseline -0.006 0"><span class='ocrx_word' id='word_1_351' title='bbox 90 2331 166 2362; x_wconf 90' lang='lat' dir='ltr'><strong>huic</strong></span> <span class='ocrx_word' id='word_1_352' title='bbox 184 2336 248 2362; x_wconf 79' lang='lat' dir='ltr'><strong>cett.</strong></span> 
     </span>
    </p>
   </div>
   <div class='ocr_carea' id='block_1_4' title="bbox 1445 85 1483 120">
    <p class='ocr_par' dir='ltr' id='par_1_4' title="bbox 1445 85 1483 120">
     <span class='ocr_line' id='line_1_38' title="bbox 1445 85 1483 120; baseline -0.026 0"><span class='ocrx_word' id='word_1_353' title='bbox 1445 85 1483 120; x_wconf 78' lang='lat'><strong>77</strong></span> 
     </span>
    </p>
   </div>
  </div>
 </body>
</html>
