1747 2620
166 70 208 98 21
230 76 272 108 50
599 63 655 99 M.
686 62 854 100 TVLLI
886 62 1192 100 CICERONIS

163 897 199 928 51

145 1785 194 1813 22

155 1846 191 1876 52

225 169 309 218 iste,
331 173 394 209 cui
424 172 557 211 nullus
582 178 686 211 esset
715 185 883 222 usquam
904 172 1147 211 consistendi
1167 174 1289 222 locus,
1313 174 1485 212 Romam
1515 187 1557 213 se

224 235 370 273 rettulit
388 250 399 283 3
427 236 673 286 persequitur
695 236 950 287 Hermippus,
975 237 1042 288 qui
1063 251 1281 288 numquam
1302 238 1411 277 istius
1432 238 1556 290 impu-

224 301 382 339 dentiae
412 301 540 340 cessit.
601 301 702 340 Petit
725 302 958 341 Heraclides
987 317 1010 341 a
1040 304 1087 343 C.
1109 303 1239 342 Plotio
1260 312 1450 352 senatore,
1473 304 1555 343 viro

224 365 418 416 primario,
455 366 523 416 qui
562 367 712 417 legatus
746 367 786 406 in
821 367 916 407 Asia
954 369 1092 416 fuerat,
1127 368 1325 419 mancipia
1358 370 1553 419 quaedam

223 444 324 480 quae
355 444 407 478 se,
439 445 529 470 cum
560 431 756 471 iudicatus
784 441 897 481 esset,
930 447 998 484 per
1026 433 1103 472 vim
1128 433 1353 473 vendidisse
1382 434 1551 474 dicebat.
1574 450 1591 482 5

224 496 272 544 Q.
297 496 417 542 Naso,
441 496 496 534 vir
516 496 798 545 ornatissimus,
818 498 884 548 qui
905 506 1061 549 praetor
1081 500 1214 546 fuerat,
1239 499 1356 538 iudex
1376 499 1550 540 sumitur.

224 560 304 610 Qui
325 575 416 600 cum
437 562 673 601 sententiam
704 565 924 603 secundum
954 564 1126 604 Plotium
1147 578 1189 603 se
1209 564 1405 603 dicturum
1426 573 1554 604 osten-

222 628 344 675 deret,
366 628 417 666 ab
445 642 494 667 eo
521 628 651 668 iudice
682 629 778 668 abiit
805 638 857 679 et,
878 632 986 680 quod
1015 630 1205 669 iudicium
1234 632 1319 681 lege
1348 644 1430 669 non
1460 639 1553 679 erat,

222 706 382 732 causam
415 701 538 732 totam
571 694 736 745 reliquit.
796 695 951 735 Satisne
982 696 1105 744 vobis,
1140 696 1300 743 iudices,
1336 696 1472 735 videor
1501 698 1553 735 ad

222 758 396 809 singulos
443 760 551 798 testis
594 762 784 799 accedere
822 775 965 812 neque,
1005 769 1046 800 ut
1085 761 1212 812 primo
1259 761 1550 811 constitueram,
1575 777 1612 800 10

223 831 376 863 tantum
409 826 531 864 modo
560 839 650 864 cum
681 826 864 864 universo
893 840 1036 877 genere
1065 826 1307 876 confligere?

276 890 407 929 Venio
435 892 487 929 ad
518 891 728 941 Lysaniam
756 891 935 930 eiusdem
967 891 1147 940 civitatis,
1167 891 1403 942 peculiarem
1427 899 1554 941 tuum,

223 955 410 1004 Deciane‚
434 947 573 995 testem
589 972 599 1005 ,-
628 971 747 1008 quem
769 965 810 996 tu
832 971 922 996 cum
944 958 1144 1009 ephebum
1161 957 1306 996 Temni
1326 971 1550 1008 cognosses,

219 1020 312 1071 quia
332 1028 415 1060 tum
441 1029 478 1060 te
503 1022 633 1060 nudus
663 1023 886 1070 delectarat‚
910 1036 1066 1073 semper
1094 1023 1246 1061 nudum
1277 1036 1361 1061 esse
1381 1023 1548 1062 voluisti.

219 1087 430 1125 Abduxisti
461 1089 619 1126 Temno
658 1087 939 1138 Apolloniden]
957 1102 967 1135 3
1009 1088 1217 1139 pecuniam
1252 1089 1551 1128 adulescentulo
1574 1103 1610 1135 15

217 1152 355 1202 grandi
383 1154 552 1199 faenore,
580 1153 725 1191 fiducia
757 1161 890 1192 tamen
920 1161 1096 1203 accepta,
1118 1153 1369 1204 occupavisti.
1432 1156 1551 1193 Hanc

220 1217 405 1256 fiduciam
438 1217 691 1256 commissam
720 1218 789 1256 tibi
821 1218 947 1267 dicis;
989 1225 1098 1256 tenes
1131 1218 1252 1257 hodie
1282 1232 1328 1257 ac
1358 1213 1548 1269 possides,

220 1284 322 1321 Eum
344 1290 384 1321 tu
406 1290 545 1322 testem
563 1296 632 1333 spe
653 1283 910 1333 recuperandi
931 1283 1043 1322 fundi
1059 1283 1210 1334 paterni
1226 1283 1357 1322 venire
1377 1285 1427 1323 ad
1449 1284 1551 1323 testi-

218 1348 395 1386 monium
444 1348 660 1387 dicendum
699 1348 890 1399 coegisti;
937 1348 1004 1399 qui
1044 1348 1233 1399 quoniam
1279 1349 1549 1388 testimonium

218 1415 386 1451 nondum
416 1413 522 1461 dixit,
547 1413 738 1465 quidnam
759 1413 808 1453 sit
829 1413 1004 1453 dicturus
1036 1421 1231 1466 exspecto.
1293 1414 1397 1454 Novi
1426 1429 1550 1466 genus
1572 1432 1611 1455 20

217 1479 434 1526 hominum,
477 1479 569 1518 novi
607 1479 948 1527 consuetudinem,
984 1480 1076 1518 novi
1118 1480 1335 1532 libidinem.
1396 1482 1548 1532 Itaque,

216 1545 286 1584 etsi
318 1552 434 1583 teneo
464 1544 560 1595 quid
591 1546 639 1583 sit
663 1544 795 1584 dicere
827 1553 995 1596 paratus,
1019 1545 1116 1584 nihil
1147 1554 1279 1585 tamen
1309 1553 1446 1586 contra
1475 1546 1550 1586 dis-

214 1611 362 1661 putabo
394 1610 498 1661 prius
529 1624 648 1660 quam
680 1611 831 1651 dixerit,
892 1614 1041 1651 Totum
1068 1612 1173 1651 enim
1204 1620 1405 1651 convertet
1430 1619 1549 1663 atque

213 1675 288 1714 alia
318 1677 447 1725 finget.
509 1677 641 1725 Quam
672 1677 724 1715 ob
756 1691 837 1716 rem
870 1685 908 1716 et
936 1677 1000 1716 ille
1031 1686 1156 1717 servet
1189 1679 1298 1728 quod
1329 1677 1487 1729 paravit,
1510 1686 1549 1718 et

213 1754 286 1790 ego
308 1754 370 1778 me
390 1741 440 1778 ad
458 1740 497 1778 id
519 1742 627 1791 quod
651 1742 834 1781 adtulerit
859 1742 1052 1793 integrum
1075 1744 1330 1782 conservabo.
1569 1760 1607 1791 25

268 1805 397 1843 Venio
432 1819 536 1843 nunc
570 1807 620 1844 ad
659 1820 744 1845 eam
783 1807 980 1846 civitatem
1017 1808 1056 1846 in
1093 1822 1211 1859 quam
1247 1822 1319 1858 ego
1354 1810 1476 1847 multa
1510 1815 1548 1847 et

214 1884 355 1920 magna
393 1870 523 1909 studia
558 1879 595 1909 et
629 1872 757 1910 officia
797 1873 957 1920 contuli,
991 1881 1028 1912 et
1064 1887 1182 1924 quam
1219 1887 1328 1912 meus
1361 1875 1475 1912 frater
1510 1873 1547 1911 in

256 1985 276 2014 3
302 1974 522 2006 Heraclidaes
545 1975 593 2006 V:
620 1976 800 2007 Heraclida
818 1987 896 2008 com.
913 1977 1034 2008 Miiller
1161 1988 1177 2016 7
1196 1977 1403 2018 ostenderet,
1421 1978 1462 2008 ab
1485 1976 1546 2020 V¹,

212 2018 384 2049 Faernus:
408 2020 605 2050 ostenderet
626 2025 657 2049 et
676 2020 716 2050 ab
733 2023 797 2051 cett.
821 2019 898 2060 (ΙΝ)
1033 2023 1053 2052 8
1077 2021 1158 2052 abiit
1175 2026 1207 2051 et
1226 2021 1396 2052 Faernus:
1422 2021 1549 2054 habitet

216 2062 266 2093 V:
290 2062 398 2093 abiret
416 2067 480 2094 cett.
615 2074 650 2093 12
676 2064 775 2094 venio
793 2063 851 2104 ad]
870 2064 981 2094 veniat
1004 2065 1034 2095 V
1132 2069 1223 2095 tuum
1241 2065 1261 2094 k
1278 2076 1284 2095 :
1309 2069 1377 2095 tum
1399 2064 1448 2097 V:
1472 2075 1548 2097 cum

211 2106 254 2144 b<
391 2116 428 2145 13
456 2116 639 2146 cognosses
657 2106 703 2137 ed.
725 2106 778 2138 R:
804 2117 991 2146 cognosces
1014 2108 1062 2138 V:
1088 2118 1312 2147 cognosceres
1329 2111 1393 2140 cell.
1510 2119 1547 2148 14

212 2150 287 2188 quia
304 2154 374 2181 tum
392 2150 543 2180 Faernus
560 2162 566 2180 :
591 2156 739 2189 quatum
757 2150 802 2183 V:
828 2152 883 2191 qui
896 2157 974 2182 tunc
990 2150 1097 2182 Sclzol.
1116 2164 1122 2182 τ
1147 2157 1306 2190 quantum
1321 2152 1340 2181 k
1358 2163 1365 2182 :
1388 2153 1546 2190 quoniam

211 2193 254 2232 by<
338 2194 566 2224 delectaverat
584 2193 691 2225 Scl1ol.
801 2204 837 2233 15
863 2195 1033 2226 adduxisti
1050 2194 1138 2226 codd.
1154 2206 1159 2226 :
1184 2205 1263 2226 corr.
1282 2194 1326 2225 cd.
1344 2195 1479 2226 Ascens.
1496 2197 1545 2234 (2)

218 2246 252 2273 17
278 2237 361 2267 dicis
379 2248 444 2269 om.
464 2237 507 2276 by(
628 2239 665 2268 18
689 2243 722 2269 tu
741 2243 861 2269 testem
881 2249 947 2269 0111.
968 2237 1072 2268 schol.
1209 2250 1249 2268 ρο
1275 2238 1423 2268 nondum
1439 2239 1544 2279 suppl.

214 2279 364 2310 Faernus
498 2290 537 2318 23
564 2283 730 2312 convertit
752 2282 781 2311 V
910 2293 950 2320 24
976 2287 1009 2312 et
1027 2292 1067 2312 eo
1088 2292 1139 2312 me
1160 2282 1190 2312 V
1311 2283 1352 2311 26
1376 2287 1409 2312 et
1427 2291 1546 2320 magna

214 2322 258 2361 b<
277 2334 283 2353 τ
308 2333 429 2362 magna
451 2324 498 2354 17„-
631 2335 670 2364 27
696 2325 804 2356 studia
822 2330 853 2355 et
871 2336 936 2356 om.
954 2326 997 2364 bx(
