1747 2620
158 61 212 98 26

180 965 221 1008 69

240 67 278 98 65
607 61 664 99 M.
697 60 866 97 TVLLI
897 58 1203 98 CICERONIS

239 170 410 221 agrariae
438 172 549 216 facta,
582 169 772 208 continuo
802 169 866 219 qui
895 182 1006 219 agros
1034 167 1214 219 publicos
1238 175 1304 206 aut
1328 166 1395 218 qui
1420 180 1570 218 posses-

239 235 371 275 siones
410 234 625 274 invidiosas
664 235 852 273 tenebant
887 234 1224 281 extimescebant3
1267 234 1365 271 haec
1403 235 1463 271 lex
1501 247 1569 271 eos

240 301 421 340 homines
448 299 611 339 fortunis
637 301 862 350 locupletat,
885 298 1033 338 invidia
1059 299 1207 338 liberat.
1268 300 1399 348 Quam
1426 300 1569 336 multos

240 366 356 413 enim,
378 365 561 415 Quirites,
581 364 810 403 existimatis
826 378 910 404 esse
927 364 994 415 qui
1010 363 1257 403 latitudinem
1275 363 1569 414 possessionum

240 431 348 478 tueri,
376 430 443 481 qui
470 430 657 469 invidiam
687 431 936 468 Sullanorum
966 443 1145 479 agrorum
1175 430 1272 467 serre
1301 442 1382 467 non
1407 428 1569 480 possint,

240 496 308 547 qui
327 496 498 535 vendere
528 494 702 546 cupiant,
723 502 941 546 emptorem
971 508 1051 533 non
1076 493 1280 544 reperiant,
1304 495 1466 544 perdere
1493 493 1570 533 iam

240 561 412 612 denique
437 560 523 600 illos
550 574 662 611 agros
690 559 840 599 ratione
867 560 1000 610 aliqua
1026 558 1175 598 velint?
1232 559 1312 609 Qui
1336 561 1454 609 paulo
1479 568 1571 598 ante

241 627 347 667 diem
368 635 607 676 noctemque
624 624 878 664 tribunicium
899 639 1045 664 nomen
1068 625 1289 672 horrebant,
1308 634 1476 663 vestram
1492 625 1571 664 vim

242 692 480 739 metuebant,
524 690 767 729 mentionem
806 690 901 741 legis
944 690 1115 740 agrariae
1154 689 1494 740 pertimescebant,
1536 691 1571 730 ei

241 771 347 796 nunc
385 757 503 795 etiam
542 758 644 795 ultro
687 756 927 807 rogabuntur
964 763 1084 806 atque
1127 756 1342 794 orabuntur
1379 763 1421 794 ut
1459 770 1571 807 agros

241 822 381 874 partim
421 821 611 873 publicos,
653 821 792 872 partim
832 823 970 871 plenos
1013 821 1193 869 invidiae,
1235 822 1372 871 plenos
1410 821 1571 872 periculi

241 887 377 938 quanti
412 887 485 938 ipsi
519 886 640 926 velint
672 886 792 925 xviris
827 888 992 926 tradant.
1053 888 1186 937 Atque
1215 887 1291 925 hoc
1321 900 1478 926 carmen
1508 887 1572 925 hie

242 955 420 995 tribunus
455 954 581 1006 plebis
620 968 701 993 non
735 953 858 1002 vobis,
895 955 965 993 sed
1005 952 1078 993 sibi
1118 952 1222 991 intus
1260 951 1375 990 canit.
1436 953 1572 992 Habet

241 1034 432 1068 socerum,
473 1019 599 1058 virum
643 1019 850 1069 optimum,
892 1019 959 1070 qui
1004 1026 1156 1057 tantum
1195 1016 1273 1067 agri
1319 1017 1358 1056 in
1402 1017 1475 1055 illis
1518 1022 1571 1068 rei

242 1085 423 1136 publicae
462 1084 633 1124 tenebris
674 1085 882 1135 occupavit
920 1092 1113 1135 quantum
1151 1082 1388 1134 concupivit.
1464 1084 1572 1122 Huic

242 1151 449 1191 subvenire
471 1152 551 1189 volt
576 1150 850 1189 succumbenti
873 1149 949 1188 iam
975 1157 1013 1188 et
1034 1162 1234 1200 oppreSSO,
1258 1148 1425 1187 Sullanis
1450 1149 1572 1188 oneri-

242 1216 315 1255 bus
358 1215 474 1266 gravi,
520 1230 591 1254 sua
634 1217 727 1265 lege,
772 1223 814 1254 ut
862 1214 976 1254 liceat
1024 1214 1078 1252 illi
1127 1212 1315 1253 invidiam
1359 1215 1569 1266 deponere,

243 1281 449 1331 pecuniam
486 1281 668 1319 condere.
728 1282 779 1318 Et
809 1294 877 1319 vos
908 1294 988 1318 non
1024 1278 1211 1318 dubitatis
1246 1279 1340 1329 quin
1371 1279 1573 1332 vectigalia

242 1354 368 1385 vestra
402 1346 580 1385 vendatis
619 1346 787 1396 plurimo
828 1345 1019 1384 maiorum
1056 1352 1272 1383 vestrorum
1312 1345 1501 1396 sanguine
1533 1355 1572 1386 et

241 1413 384 1452 sudore
419 1410 604 1462 quaesita,
640 1418 681 1449 ut
714 1412 894 1450 Sullanos
931 1424 1175 1461 possessores
1210 1409 1354 1454 divitiis
1386 1411 1570 1462 augeatis,
1594 1428 1608 1450 2

242 1477 414 1528 periculo
453 1475 654 1516 liberetis?
725 1477 829 1514 Nam
868 1477 919 1515 ad
959 1477 1060 1515 hanc
1100 1475 1342 1527 emptionem
1383 1476 1572 1517 xviralem

241 1544 322 1582 duo
363 1556 505 1593 genera
543 1555 723 1592 agrorum
767 1549 957 1590 spectant,
1001 1541 1183 1591 Quirites.
1258 1544 1405 1582 Eorum
1449 1557 1573 1582 unum

241 1616 397 1659 propter
437 1606 624 1646 invidiam
665 1606 817 1645 domini
860 1606 1023 1657 fugiunt,
1067 1609 1231 1646 alterum
1267 1616 1425 1658 propter
1463 1608 1573 1648 vasti-

241 1680 371 1712 tatem.
432 1673 613 1710 Sullanus
653 1685 742 1721 ager
780 1686 802 1710 a
842 1671 955 1710 certis
996 1672 1223 1711 hominibus
1262 1673 1449 1712 latissime
1483 1689 1573 1714 con-

241 1737 413 1776 tinuatus
449 1744 597 1775 tantam
632 1736 751 1774 habet
786 1736 973 1775 invidiam
1007 1745 1048 1775 ut
1083 1737 1160 1776 veri
1199 1751 1244 1776 ac
1280 1738 1387 1777 fortis
1427 1739 1571 1779 tribuni
1595 1753 1608 1774 2

241 1802 366 1852 plebis·
410 1801 616 1841 stridorem
662 1815 783 1840 unum
825 1803 991 1851 perferre
1030 1816 1109 1840 non
1154 1802 1287 1853 possit.
1366 1803 1445 1843 Hic
1484 1819 1573 1855 ager

242 1867 381 1914 omnis,
411 1882 573 1918 quoquo
603 1869 727 1919 pretio
752 1878 957 1921 coemptus
980 1870 1059 1917 erit,
1085 1878 1216 1910 tamen
1238 1870 1385 1922 ingenti
1406 1871 1573 1922 pecunia

243 1932 356 1971 nobis
393 1933 609 1973 inducetur.
675 1937 851 1974 Alterum
881 1950 1004 1987 genus
1039 1950 1219 1985 agrorum
1255 1945 1412 1989 propter
1441 1936 1573 1977 sterili-

243 2006 361 2037 tatem
382 1998 585 2046 incultum,
611 2009 768 2050 propter
789 2000 1050 2051 pestilentiam
1069 2010 1220 2039 vastum
1243 2010 1360 2053 atque
1375 2004 1571 2042 desertum

289 2116 306 2134 ε
333 2106 660 2145 exp‹:1·timcsccbant
680 2106 763 2137 mci:
790 2116 866 2137 corr.
888 2106 1008 2137 Klots:
1039 2107 1322 2145 pertimescebant
1343 2107 1425 2146 Lag.
1443 2118 1464 2147 9
1553 2110 1573 2139 8

244 2148 316 2178 dies
336 2155 518 2189 noctesque
538 2149 744 2182 Lambinus:
773 2151 828 2181 diu
847 2155 1016 2189 noctuque
1036 2150 1117 2190 Lag.
1140 2162 1160 2188 9
1333 2162 1353 2191 9
1378 2151 1424 2192 ei]
1442 2156 1475 2182 et
1493 2151 1577 2182 EcN

249 2201 282 2230 ¹5
309 2192 359 2223 hic
376 2191 411 2221 Ν
548 2196 585 2224 16
610 2198 643 2224 et
661 2204 829 2234 oppresso
846 2193 921 2233 x'2c:
947 2204 1111 2233 expresso
1129 2194 1256 2225 Effll'u
1275 2206 1281 2225 :
1315 2205 1357 2226 cx
1380 2196 1456 2235 (mu.
1477 2207 1520 2226 ex
1538 2196 1572 2227 k)

244 2247 409 2275 oppresso
427 2236 508 2276 μχῑᾸ·
615 2247 650 2276 ¹7
678 2238 766 2275 gravi
786 2237 862 2277 sua]
879 2236 1068 2277 gratissima
1086 2237 1194 2268 IIalm
1305 2249 1340 2278 19
1364 2244 1509 2270 vestrum
1528 2239 1574 2270 lic

244 2280 285 2351 :tli
311 2285 423 2351 2955OE
442 2279 529 2311 codd.
549 2291 555 2310 z
581 2291 660 2312 corr.
682 2281 869 2322 Naugerius
890 2291 939 2321 U)
1055 2292 1093 2320 27
1120 2288 1251 2321 emptus
1269 2282 1300 2314 E
1412 2285 1452 2312 28
1477 2283 1571 2314 vobis

241 2332 265 2351 ι’(
280 2344 287 2351 ι

1595 769 1631 791 10
