1747 2620
169 64 221 103 28

164 675 219 711 29

179 735 193 743 ›-

179 747 189 767 A

111 1560 213 1590 .So

243 71 283 113 78
612 66 666 102 M.
699 64 867 101 TVLLI
900 63 1208 102 CICERONIS

242 174 371 226 iugera
405 174 703 214 continuabunt.
778 175 881 213 Nam
915 174 944 211 si
981 174 1113 212 dicent
1152 187 1216 223 per
1251 175 1374 223 legem
1411 173 1450 212 id
1489 186 1570 213 non

241 242 367 289 licere,
406 256 455 280 ne
494 255 561 291 per
601 239 826 279 Corneliam
867 239 1029 288 quidem
1068 238 1187 287 licet3
1229 246 1268 277 at
1301 238 1492 286 videmus,
1528 246 1571 278 ut

240 306 456 356 longinqua
478 306 688 352 mittamus,
704 318 839 355 agrum
862 304 1160 342 Praenestinum
1177 318 1200 342 a
1216 303 1349 354 paucis
1366 303 1567 355 possideri.

243 372 382 422 Neque
414 371 575 409 istorum
606 370 784 420 pecuniis
814 369 1026 419 quicquam
1055 368 1161 407 aliud
1190 370 1326 407 deesse
1353 368 1469 407 video
1496 368 1569 407 nisi

240 436 323 474 vius
345 436 452 474 modi
474 437 618 474 fundos
640 448 807 485 quorum
830 433 1008 472 subsidio
1025 433 1258 472 familiarum
1281 433 1569 484 magnitudines
1591 446 1608 478 5

240 510 279 540 ct
299 502 569 541 Cumanorum
590 514 636 539 ac
665 502 971 538 Puteolanorum
1002 499 1251 549 praediorum
1282 507 1462 550 sumptus
1492 512 1571 537 sus-

239 574 388 605 tentare
427 565 587 616 possint.
668 567 789 614 Quod
829 566 857 603 si
898 573 1069 603 vestrum
1109 565 1367 603 commodum
1407 572 1567 615 spectat,

240 632 368 670 veniat
390 640 427 670 ct
449 646 580 670 coram
604 645 759 670 mecum
781 632 831 669 de
851 630 929 681 agri
953 630 1147 681 Campani
1169 629 1362 669 divisione
1383 629 1566 680 disputet.

241 697 425 746 Quaesivi
461 712 507 736 ex-
541 711 588 735 eo
624 696 817 735 Kalendis
857 695 1048 734 Ianuariis
1087 695 1230 746 quibus
1265 695 1493 734 hominibus
1531 703 1569 734 et

238 776 356 813 quem
390 764 441 801 ad
481 764 644 801 modum
684 762 793 800 illum
832 775 967 811 agrum
1007 770 1107 800 esset
1146 761 1436 800 distributurus.
1495 762 1555 800 Re
1592 772 1631 794 10

237 828 397 878 spondit
417 842 440 866 a
462 827 635 866 Romilia
656 827 758 865 tribu
780 840 821 865 se
841 826 995 865 initium
1017 839 1101 865 esse
1129 828 1332 865 facturum.
1393 825 1568 864 Primum

237 907 338 944 quae
359 901 417 932 est
438 893 511 931 ista
532 892 715 943 superbia
736 900 774 931 et
794 891 1035 931 contumelia
1056 899 1097 930 ut
1118 892 1252 942 populi
1282 905 1367 941 pars
1394 899 1569 942 ampute-

237 968 308 1007 tur,
331 960 430 998 ordo
459 959 631 997 tribuum
663 960 899 1008 neglegatur,
929 965 1020 996 ante
1048 956 1201 996 rusticis
1231 958 1345 996 detur
1371 970 1471 1008 ager,
1501 957 1568 1008 qui

236 1025 394 1071 habent,
428 1037 545 1074 quam
582 1023 750 1071 urbanis,
775 1023 918 1073 quibus
949 1023 1022 1061 ista
1050 1023 1129 1073 agri
1159 1036 1248 1073 spes
1278 1030 1316 1062 et
1345 1022 1568 1062 iucunditas

234 1090 487 1129 ostenditur?
546 1092 635 1137 Aut,
660 1090 690 1127 si
712 1091 788 1127 hoc
809 1090 860 1127 ab
888 1103 928 1127 se
956 1089 1106 1127 dietum
1128 1096 1243 1139 negat
1264 1096 1302 1127 et
1322 1088 1414 1127 satis
1441 1089 1567 1128 facere
1591 1101 1627 1134 15

234 1155 420 1194 omnibus
450 1155 562 1193 vobis
593 1154 748 1205 cogitat,
782 1156 975 1205 proferat3
1004 1154 1043 1192 in
1075 1153 1205 1204 iugera
1235 1154 1338 1192 dena
1367 1152 1564 1201 discribat‚

234 1235 257 1260 a
287 1221 491 1260 Suburana
522 1234 646 1270 usque
675 1222 725 1258 ad
757 1219 990 1258 Arniensem
1021 1219 1182 1257 nomina
1208 1227 1333 1258 vestra
1359 1227 1564 1270 proponat.

235 1288 273 1326 Si
297 1301 374 1325 non
398 1288 519 1326 modo
541 1288 643 1325 dena
664 1285 795 1336 iugera
822 1285 901 1324 dari
931 1286 1043 1324 vobis
1074 1286 1143 1324 sed
1171 1299 1220 1323 ne
1247 1284 1457 1335 constipari
1485 1285 1566 1336 qui-

234 1355 325 1392 dem
347 1361 498 1392 tantum
522 1366 728 1391 numerum
750 1352 955 1390 hominum
980 1365 1094 1401 posse
1111 1351 1149 1389 in
1165 1364 1300 1401 agrurn
1316 1351 1565 1402 Campanum

234 1418 479 1468 intellegetis,
502 1426 686 1456 tamenne
716 1417 843 1456 vexari
872 1430 952 1456 rem
983 1410 1421 1467 pul)lican]„contemni
1451 1415 1566 1455 maie·
1589 1427 1626 1450 ²0

233 1492 373 1523 statem
391 1483 525 1534 populi
546 1483 728 1530 Romani,
745 1482 879 1521 deludi
902 1489 1053 1521 vosmet
1071 1482 1175 1532 ipsos
1197 1481 1343 1520 diutius
1364 1495 1386 1520 a
1408 1481 1566 1521 tribuno

232 1550 357 1601 plebis
378 1549 579 1600 patiemini
597 1551 613 1587 ?
651 1550 771 1598 Quod
793 1548 822 1586 si
845 1556 976 1598 posset
997 1561 1086 1598 ager
1107 1548 1178 1586 iste
1193 1548 1244 1586 ad
1261 1561 1329 1586 vos
1350 1548 1563 1599 pervenire,

234 1629 366 1654 nonne
387 1629 477 1654 eum
499 1623 631 1653 tamen
660 1614 698 1652 in
725 1614 960 1665 patrimonio
987 1621 1115 1652 vestro
1142 1627 1342 1653 remanere
1371 1614 1566 1653 malletis?

232 1682 420 1718 Vnumne
451 1681 616 1718 fundum
650 1679 955 1729 pulcherrimum
984 1679 1118 1729 populi
1151 1679 1333 1727 Romani,
1357 1688 1475 1730 caput
1504 1694 1564 1719 ve-

231 1754 331 1784 strae
361 1732 562 1795 pecuniae,
586 1744 693 1794 pacis
726 1752 1013 1790 ornamentum,
1044 1744 1263 1783 subsidium
1295 1745 1397 1791 belli,
1428 1746 1563 1784 sunda·
1586 1756 1623 1788 25

232 1818 407 1849 mentum
437 1809 696 1859 vectigalium,
723 1811 905 1847 horreum
936 1808 1146 1859 legionum,
1170 1809 1359 1848 solacium
1381 1824 1563 1849 annonae

229 1874 416 1926 disperire
445 1874 678 1925 patiemini?
736 1877 800 1912 An
832 1874 941 1912 obliti
979 1875 1069 1913 estis
1102 1875 1240 1914 Italico
1271 1876 1375 1914 bello
1410 1875 1562 1914 amissis

229 1941 366 1980 ceteris
386 1940 640 1991 vectigalibus
663 1948 832 1990 quantos
853 1942 931 1990 agri
950 1941 1144 1991 Campani
1162 1940 1350 1979 fructibus
1373 1941 1562 1980 exercitus

228 2005 428 2044 alueritis?
458 2019 507 2044 an
529 2006 713 2055 ignoratis
743 2013 871 2044 cetera
899 2007 962 2043 illa
988 2005 1193 2056 magnifica
1222 2005 1357 2056 populi
1390 2007 1560 2045 Romani

229 2070 431 2121 vectigalia
479 2071 621 2122 perlevi
669 2084 785 2121 saepe
833 2079 1034 2109 momento
1081 2072 1258 2109 fortunae
1305 2071 1559 2109 inclinatione
1584 2081 1622 2111 30

274 2186 292 2205 ρ
317 2175 367 2216 at]
389 2185 426 2206 ac
446 2174 531 2205 EeM
648 2177 668 2205 6
693 2175 937 2215 praesidiorum
959 2186 979 2204 ιι
1100 2185 1116 2213 7
1143 2179 1272 2214 spectat
1289 2174 1356 2205 Ee:
1382 2179 1557 2213 exspectat

229 2223 293 2250 ΝΗ.
402 2228 440 2248 12
464 2218 682 2260 contumelia]
702 2219 912 2249 contumacia
932 2217 1054 2248 Msillcr
1167 2229 1202 2257 14
1228 2217 1367 2258 habent]
1391 2218 1512 2248 emitur
1530 2217 1562 2246 E

235 2263 335 2301 15-16
359 2267 392 2292 et
410 2286 416 2293 .
439 2287 445 2294 .
467 2287 474 2294 .
495 2261 637 2303 cogitat]
655 2267 690 2293 ut
707 2287 714 2294 .
737 2287 743 2294 .
762 2287 768 2294 .
789 2262 913 2301 cogitet
934 2261 1065 2292 Rz'cliler
1229 2263 1267 2292 16
1291 2261 1339 2302 in]
1356 2262 1389 2292 in
1407 2261 1556 2299 singulos

230 2305 427 2342 Lambinus,
446 2306 482 2344 cs]
502 2307 574 2344 §85
662 2305 830 2336 describat
841 2305 930 2336 codd.
949 2317 955 2335 τ
980 2316 1056 2336 corr.
1073 2303 1204 2344 Kayser
1293 2315 1328 2344 17
1348 2315 1366 2336 a
1379 2304 1555 2335 Suburana

232 2348 470 2379 Ianuslanus:
497 2349 538 2379 ab
556 2359 653 2379 usura
669 2359 744 2379 nam
763 2348 850 2380 codd.
943 2348 1128 2379 Aniensem
1150 2348 1230 2389 Lag.
1252 2359 1273 2387 9
