1747 2620
167 73 215 111 37
241 79 297 102 102
467 66 540 101 DE
572 66 717 101 LEGE
750 65 1006 101 AGRARIA
1039 64 1256 103 ORATIO
1288 65 1329 102 II

151 513 210 543 103

235 190 369 216 verum
391 176 509 215 etiam
532 176 625 215 istos
647 175 791 226 quibus
812 175 906 215 odio
927 183 985 214 est
1013 175 1137 214 otium
1160 175 1424 226 quietissimos
1445 184 1564 227 atque

233 242 493 281 otiosissimos
517 242 691 280 reddam.
753 240 912 280 Etenim
934 240 1007 280 illis
1029 242 1210 289 honores,
1227 249 1455 293 potestates,
1469 241 1564 282 divi-

233 308 308 346 tiae
338 322 384 346 ex
414 309 584 346 tumultu
615 314 734 358 atque
764 321 811 346 ex
840 306 1153 346 dissensionibus
1181 306 1325 346 civium
1346 307 1563 359 comparari

232 375 359 412 solent
379 388 385 413 :
415 387 494 421 vos,
520 386 688 423 quorum
715 372 836 424 gratia
857 372 897 411 in
918 372 1108 423 suffragiis
1128 372 1317 421 consistit,
1341 373 1499 413 libertas
1524 373 1563 412 in

231 438 392 489 legibus,
403 427 475 477 “ius
505 438 545 476 in
576 437 730 477 iudiciis
759 446 798 477 et
826 438 1024 489 aequitate
1046 437 1353 489 magistratuum,
1377 452 1436 478 res
1458 439 1565 478 fami-

231 503 333 542 liaris
355 504 394 542 in
415 518 522 555 pace,
546 503 655 542 omni
676 503 826 543 ratione
848 503 973 542 otium
994 503 1160 542 retinere
1181 503 1344 543 debetis.
1405 505 1510 543 Nam
1531 504 1561 543 si

232 569 264 608 ei
296 570 362 620 qui
391 578 548 620 propter
569 569 762 608 desidiam
794 569 833 607 in
864 569 946 608 otio
967 568 1112 617 vivunt,
1137 576 1269 608 tamen
1297 569 1335 607 in
1364 583 1434 609 sua
1461 569 1562 620 turpi

233 634 369 674 inertia
398 635 559 686 capiunt
581 637 823 686 voluptatem
846 649 892 673 ex
920 634 1006 685 ipso
1027 634 1119 682 otio,
1145 648 1265 685 quam
1286 648 1355 673 vos
1377 634 1562 675 fortunati

232 699 351 748 eritis,
371 700 400 738 si
423 702 463 739 in
484 701 560 739 hoc
582 708 684 739 statu
706 714 824 751 quem
852 699 1005 739 habetis
1026 708 1152 739 vestra
1172 714 1254 739 non
1274 700 1428 750 ignavia
1447 714 1563 751 quae-

232 765 360 812 situm,
384 767 453 804 sed
474 765 614 804 virtute
639 774 805 816 partum,
830 766 954 805 otium
983 765 1196 814 tenueritis,
1219 765 1417 815 Quirites!
1476 768 1562 817 Ego

231 844 277 868 ex
304 832 517 869 concordia
538 845 657 882 quam
680 831 775 869 mihi
796 830 981 870 constitui
1004 845 1095 869 cum
1123 832 1297 881 conlega,
1320 830 1561 870 invitissimis

231 894 285 933 eis
316 895 546 934 hominibus
577 896 643 946 qui
675 910 747 935 nos
778 895 817 934 in
853 897 1060 935 consulatu
1091 895 1272 934 inimicos
1302 909 1387 934 esse
1416 903 1454 934 et
1481 897 1562 936 fore

229 960 397 1008 aiebant,
422 960 574 1011 providi
595 961 791 1007 omnibus,
815 960 994 1011 prospexi
1016 973 1208 1008 annonae,
1228 960 1406 999 revocavi
1428 961 1559 1009 fidem,

230 1025 395 1065 tribunis
427 1025 552 1076 plebis
585 1025 813 1065 denuntiavi
847 1040 892 1063 ue
922 1025 1019 1076 quid
1054 1025 1267 1064 turbulenti
1301 1039 1364 1065 me
1399 1027 1561 1065 consule

230 1093 455 1130 conflarent.
517 1093 724 1129 Summum
746 1099 783 1130 et
801 1090 1067 1129 firmissimum
1089 1098 1147 1129 est
1167 1090 1263 1129 illud
1281 1090 1560 1130 communibus

229 1157 394 1195 fortunis
428 1156 679 1207 praesidium,
713 1156 895 1205 Quirites,
926 1164 979 1202 ut,
1012 1156 1138 1206 qualis
1170 1170 1239 1194 vos
1269 1156 1462 1195 hodierno
1496 1156 1560 1195 die

230 1222 398 1261 maxima
415 1221 600 1260 contione
619 1221 714 1259 mihi
736 1234 805 1271 pro
825 1222 949 1260 salute
964 1229 1088 1259 vestra
1109 1220 1354 1271 praebuistis,
1372 1221 1458 1259 talis
1479 1221 1560 1260 reli-

227 1287 315 1338 quis
338 1286 580 1337 temporibus
603 1286 656 1325 rei
678 1285 859 1336 publicae
880 1285 1109 1336 praebeatis·
1172 1286 1374 1334 Promitto,
1399 1286 1557 1338 recipio,

228 1352 416 1403 polliceor
437 1353 512 1390 hoc
534 1350 645 1390 vobis
666 1358 786 1402 atque
815 1352 1018 1398 confirmo,
1042 1364 1106 1389 me
1126 1364 1212 1390 esse
1232 1353 1495 1402 perfecturum
1516 1360 1559 1391 ut

228 1417 304 1455 iam
345 1418 506 1456 tandem
546 1415 599 1454 illi
639 1415 706 1466 qui
746 1415 884 1454 honori
926 1415 1148 1454 inviderunt
1188 1430 1278 1455 meo
1318 1424 1449 1456 tamen
1489 1431 1558 1457 vos

227 1482 429 1522 universos
450 1481 489 1520 in
513 1482 675 1521 consule
696 1480 908 1531 deligendo
928 1480 1140 1530 plurimum
1162 1480 1304 1524 vidisse
1325 1483 1528 1522 fateantur.

276 1599 284 1618 1
312 1588 389 1619 odio
407 1592 458 1618 est
474 1585 634 1626 Madvig:
666 1586 769 1617 ociosi
789 1585 878 1617 codd.
972 1587 1200 1627 quietissimos
1216 1592 1318 1628 atque
1334 1588 1558 1620 otiosissimos

228 1631 390 1672 Madvig:
430 1631 629 1662 fecissemus
661 1635 759 1669 atque
793 1630 920 1661 otiosos
955 1630 1041 1660 EeN
1057 1642 1063 1660 τ
1108 1631 1306 1662 fecissemus
1337 1632 1559 1664 otiosissimos

228 1674 320 1713 Μμίῗ
336 1686 343 1705 :
368 1685 473 1715 aeque
491 1674 617 1706 otiosos
632 1673 758 1714 Ussing
845 1684 864 1714 5
902 1675 951 1704 ius
967 1674 1095 1715 Kayser
1110 1687 1117 1705 ε
1142 1676 1204 1706 hos
1216 1675 1303 1706 codd.
1383 1676 1556 1716 aequitate

228 1728 369 1758 magnos
392 1719 530 1749 timores
559 1717 673 1748 codd:
708 1728 787 1748 corr.
819 1717 1043 1748 Laurcdamts
1254 1720 1276 1749 6
1310 1719 1457 1751 retinere
1489 1719 1555 1752 Ee:

228 1768 345 1792 tenere
362 1766 425 1792 cett.
541 1761 632 1801 nam]
653 1766 718 1791 tam
740 1764 869 1793 (tamen
888 1764 914 1792 c*
938 1760 1064 1792 ΕσΜῙω
1164 1763 1191 1794 si
1210 1774 1245 1794 e:
1272 1763 1335 1794 etsi
1356 1766 1420 1795 cell.
1537 1774 1555 1803 7

228 1807 259 1836 in
279 1805 354 1846 sua]
374 1816 433 1836 sua
452 1805 498 1835 Ec
599 1806 619 1835 8
643 1815 686 1834 cx
706 1804 865 1846 Madvig:
890 1805 950 1835 sed
968 1804 1034 1836 Ec:
1060 1805 1121 1836 sub
1139 1810 1204 1837 cett.
1293 1817 1360 1846 quo
1375 1818 1435 1839 vos
1453 1808 1555 1838 sortu-

228 1860 302 1880 nam
329 1849 444 1888 regitis
462 1847 550 1879 codd.
573 1861 578 1878 :
603 1858 677 1878 comt
692 1849 833 1892 illazdmg
971 1859 992 1888 9
1015 1849 1042 1880 si
1060 1849 1147 1881 hunc
1161 1855 1283 1882 statum
1307 1860 1406 1890 quem
1425 1851 1556 1882 habetis

227 1904 301 1923 esse
327 1903 392 1923 non
418 1892 506 1922 codd.
528 1902 534 1921 :
567 1902 644 1922 corr.
662 1892 784 1921 Msillcr
884 1891 1035 1931 ignoravi
1061 1903 1125 1924 non
1153 1893 1210 1933 (an
1228 1892 1344 1928 M²Ni
1367 1895 1554 1935 quaesitum

226 1938 284 1967 sed
304 1938 369 1967 vita
387 1941 516 1975 parturn
539 1935 626 1965 codd.
646 1946 650 1964 :
684 1946 760 1965 sorr.
784 1933 925 1975 [Madvig
1058 1947 1096 1967 10
1120 1937 1282 1976 Quirites.
1332 1937 1404 1977 Ego
1420 1938 1556 1979 scrisis-i:

226 1981 312 2019 quod
331 1991 394 2018 ego
411 1979 499 2009 codd.
663 1989 694 2008 is
723 1989 765 2008 ex
783 1978 993 2010 Lambinus:
1022 1985 1055 2011 et
1079 1981 1166 2012 codd.
1325 1991 1362 2011 12
1388 1981 1453 2022 eis]
1479 1993 1555 2013 esse

227 2023 306 2054 Eam
326 2035 331 2053 :
358 2024 396 2054 iis
413 2033 488 2054 esse
503 2021 577 2053 Med-¹
650 2023 704 2061 qui
724 2033 785 2053 nos
803 2022 963 2064 Madvig:
987 2034 1072 2062 quos
1089 2035 1148 2055 vos
1165 2024 1251 2056 codd.
1329 2024 1461 2056 inimico
1477 2036 1554 2056 csse

227 2073 258 2097 ct
294 2067 447 2106 corporis
485 2066 572 2105 (fore
615 2065 764 2105 Madvig)
807 2066 936 2097 actibus
971 2067 1065 2106 (iact-
1098 2067 1194 2108 Moess)
1231 2068 1361 2107 providi
1398 2069 1554 2099 omnibus

227 2111 385 2150 prospexi
406 2121 485 2141 sanc
505 2110 658 2140 revocavi
678 2110 763 2139 idem
782 2109 869 2140 codd.
887 2121 892 2139 :
921 2112 1043 2142 ‹omar-1·
1175 2123 1211 2151 14
1236 2111 1432 2142 denuntiavi
1450 2111 1552 2142 EeN:

225 2166 290 2185 om.
306 2158 370 2186 ccli.
463 2165 504 2184 ne
522 2154 627 2193 suppl.
648 2153 816 2183 Turnebus
914 2154 1094 2186 turbulenti
1113 2155 1214 2186 EcN:
1240 2155 1468 2186 turbulentum
1487 2159 1552 2185 ccil.

231 2207 267 2235 15
293 2202 485 2228 constarent
502 2196 585 2227 EcN
702 2198 741 2227 16
765 2197 929 2227 hodierna
947 2197 1035 2228 codd.
1053 2210 1058 2227 z
1084 2210 1159 2230 corr.
1180 2198 1226 2230 ed.
1249 2199 1279 2228 V
1393 2200 1430 2229 18
1455 2199 1500 2229 rei
1520 2209 1551 2238 p.

226 2242 389 2280 Angelius
407 2253 411 2271 :
438 2252 467 2281 p.
488 2241 527 2271 R.
546 2239 632 2271 codd.
723 2240 882 2278 promitto
897 2241 1029 2280 scripsi:
1058 2252 1119 2281 pro
1137 2248 1230 2274 certo
1247 2242 1333 2273 codd.
1424 2243 1552 2282 recipio

228 2282 368 2314 le‘illrm
396 2289 531 2324 roperto
554 2284 699 2325 grepeto)
718 2283 819 2314 EciV:
845 2294 906 2314 om.
928 2288 991 2314 cell.

1583 452 1600 484 5

1583 782 1622 806 10

1582 1107 1620 1139 ι5

1580 1432 1620 1456 20
