1747 2620
165 65 208 102 18
233 80 272 111 50
598 68 653 105 M.
686 68 854 105 TVLLI
887 67 1192 107 CICERONIS

168 452 202 482 51

165 1695 204 1726 53

229 176 425 217 interdicti
454 178 708 228 intellegatur,
733 177 1022 229 impudentiam
1050 189 1245 215 summam
1266 183 1333 217 aut
1353 175 1556 216 stultitiam

227 244 463 293 singularem
494 243 720 293 putabimus
752 243 791 281 in
823 243 1030 282 verborum
1066 255 1193 281 errore
1225 241 1378 291 versari,
1407 255 1489 281 rem
1519 249 1558 281 et

227 321 386 347 causam
414 315 451 346 et
479 308 685 347 utilitatem
714 322 969 347 communem
997 321 1078 346 non
1099 306 1318 357 relinquere
1338 308 1466 347 solum
1487 307 1557 346 sed

228 371 345 411 etiarn
375 374 570 423 prodere?

281 440 345 476 An
366 438 442 477 hoc
463 438 629 477 dubium
652 446 709 477 est
730 438 825 489 quin
853 452 981 489 neque
1002 439 1211 477 verborum
1240 445 1348 477 tanta
1368 437 1481 489 copia
1509 439 1556 477 sit

227 516 308 542 non
330 504 451 542 modo
472 503 511 541 in
532 511 664 542 nostra
685 504 825 555 lingua,
851 518 952 554 quae
981 503 1123 542 dicitur
1150 517 1234 543 esse
1262 503 1386 554 inops,
1410 504 1480 542 sed
1507 517 1557 542 ne

227 567 266 606 in
287 568 362 606 alia
378 570 538 618 quidem
557 571 643 617 ulla,
663 584 721 608 res
744 577 784 607 ut
807 583 944 608 omnes
967 569 1045 607 suis
1062 568 1174 607 certis
1195 582 1241 606 ac
1262 567 1426 619 propriis
1446 582 1558 606 voca-

229 634 329 672 bulis
351 634 613 681 nominentur,
633 648 762 684 neque
778 648 869 673 vero
890 634 1102 684 quicquam
1124 647 1223 684 opus
1244 632 1293 671 sit
1309 632 1451 681 verbis,
1466 647 1556 671 cum

228 712 273 737 ea
300 712 359 737 res
386 698 496 737 cuius
524 712 640 738 causa
661 700 778 738 verba
807 699 983 749 quaesita
1011 698 1088 737 sint
1111 698 1384 749 intellegatur?
1442 700 1556 747 Quae

226 764 294 809 lex,
331 764 439 813 quod
478 771 636 802 senatus
670 765 905 811 consultum,
943 765 1052 814 quod
1087 763 1332 814 magistratus
1367 762 1551 811 edictum,

227 830 335 879 quod
366 830 504 867 foedus
533 836 600 867 aut
630 828 770 879 pactio,
798 830 917 879 quod,
946 837 987 867 ut
1016 829 1066 867 ad
1097 829 1264 880 privatas
1294 843 1353 868 res
1384 829 1552 876 redeam,

227 901 517 941 testamentum,
537 908 637 944 quae
659 894 803 933 iudicia
824 902 889 933 aut
912 894 1183 944 stipulationes
1205 902 1273 933 aut
1293 896 1396 945 pacti
1413 902 1451 934 et
1467 908 1557 933 con-

227 959 332 999 venti
360 961 525 998 formula
551 973 632 999 non
659 959 845 998 infirmari
869 974 914 999 ac
942 960 1109 999 convelli
1140 968 1282 1011 potest,
1303 960 1334 1000 si
1361 961 1412 1000 ad
1440 960 1558 999 verba

228 1039 308 1064 rem
330 1026 538 1064 deflectere
560 1026 734 1074 velimus,
758 1026 966 1064 consilium
987 1033 1120 1064 autem
1142 1039 1278 1065 eorum
1303 1025 1370 1076 qui
1398 1025 1558 1076 scripse-

228 1097 317 1128 runt
338 1098 375 1129 et
397 1089 587 1129 rationem
609 1098 647 1130 et
667 1090 940 1130 auctoritatem
964 1091 1260 1142 relinquamus?
1317 1093 1454 1131 Sermo
1474 1092 1557 1130 her-

229 1157 315 1195 cule
345 1155 540 1195 familiaris
571 1163 609 1194 et
639 1156 860 1195 cotidianus
891 1170 972 1195 non
1004 1156 1240 1204 cohaerebit,
1265 1157 1296 1195 si
1316 1157 1434 1196 verba
1458 1156 1557 1196 inter

227 1235 300 1259 nos
327 1221 634 1271 aucupabimur,
674 1221 846 1272 denique
877 1222 1081 1273 imperium
1113 1222 1376 1262 domesticum
1403 1224 1556 1263 nullum

227 1287 311 1335 erit,
332 1289 362 1326 si
384 1287 542 1326 servolis
564 1288 640 1326 hoc
662 1288 803 1327 nostris
826 1289 1136 1328 concesserimus
1159 1296 1201 1327 ut
1227 1290 1279 1328 ad
1299 1289 1417 1328 verba
1441 1288 1556 1329 nobis

227 1352 451 1399 oboediant,
475 1366 557 1391 non
576 1355 627 1391 ad
650 1354 689 1392 id
709 1355 817 1404 quod
845 1368 890 1393 ex
912 1354 1039 1393 verbis
1061 1354 1231 1405 intellegi
1260 1355 1382 1406 possit
1407 1354 1556 1393 obtem-

225 1425 373 1469 perent.
424 1418 623 1469 Exemplis
645 1432 750 1457 nunc
771 1418 827 1458 uti
843 1419 1023 1458 videlicet
1044 1419 1140 1457 mihi
1160 1433 1322 1459 necesse
1338 1427 1396 1458 est
1416 1419 1554 1460 harum

226 1496 353 1523 rerum
375 1484 577 1530 omnium,
608 1497 688 1522 non
710 1486 877 1524 occurrit
905 1486 972 1523 uni
1001 1486 1144 1535 cuique
1166 1492 1337 1524 vestrum
1364 1484 1470 1523 aliud
1491 1483 1556 1523 alii

225 1548 265 1588 in
287 1550 394 1588 omni
419 1562 560 1600 genere
590 1551 812 1602 exemplum
830 1551 938 1600 quod
962 1550 1189 1591 testimonio
1205 1550 1254 1590 sit
1270 1564 1350 1590 non
1367 1565 1414 1590 ex
1429 1549 1556 1589 verbis

225 1621 359 1665 aptum
383 1614 554 1663 pendere
575 1615 658 1663 ius3
689 1616 759 1654 sed
780 1616 898 1654 verba
921 1615 1061 1655 servire
1090 1617 1298 1656 hominum
1319 1615 1557 1661 consiliiset

224 1678 533 1720 auctoritatibus.
594 1679 741 1721 Ornate
769 1687 807 1720 et
835 1680 995 1732 copiose
1025 1682 1069 1721 L.
1094 1682 1269 1729 Crassus,
1292 1682 1414 1726 homo
1441 1681 1557 1731 longe

225 1743 580 1794 eloquentissimus,
614 1747 732 1796 paulo
762 1750 853 1786 ante
883 1760 1001 1797 quarn
1032 1760 1105 1789 nos
1136 1747 1175 1788 in
1205 1748 1332 1789 forum
1362 1745 1553 1794 venimus,

225 1808 372 1849 iudicio
410 1809 541 1848 cvirali
589 1811 691 1849 hanc
736 1811 970 1851 sententiam
1013 1812 1190 1851 defendit
1228 1820 1267 1852 et
1305 1812 1427 1860 facile,
1464 1826 1554 1851 cum

225 1881 361 1912 contra
390 1887 479 1912 eum
510 1875 836 1925 prudentissimus
869 1877 1000 1923 homo,
1026 1878 1074 1925 Q.
1099 1876 1268 1925 Mucius,
1292 1877 1448 1924 diceret,
1471 1890 1556 1927 pro-

225 1936 331 1976 bavit
359 1937 552 1986 omnibus,
587 1941 652 1978 Μ’.
681 1940 856 1988 Curium,
886 1942 952 1990 qui
984 1942 1094 1980 heres
1120 1941 1319 1981 institutus
1351 1950 1452 1981 esset
1479 1942 1554 1981 ita:

228 2006 424 2041 ‘MORTvo
456 2015 645 2043 POSTVMO
682 2007 928 2054 F1L1o,'cum
960 2005 1061 2044 filius
1090 2020 1170 2045 non
1200 2008 1321 2046 modo
1349 2021 1429 2046 non
1457 2020 1555 2046 mor-

226 2075 315 2107 tuus
349 2068 419 2106 sed
456 2082 505 2107 ne
538 2077 651 2108 natus
689 2070 850 2133 quidem
884 2077 996 2117 esset,
1029 2071 1216 2110 heredem
1248 2085 1332 2111 esse
1362 2079 1551 2122 oportere.

267 2181 289 2210 9
312 2171 405 2202 cuius
423 2183 486 2203 om.
513 2172 539 2203 T
684 2183 720 2203 12
746 2174 856 2205 iudicii
875 2178 930 2204 aut
947 2173 1174 2212 stipulationis
1192 2174 1293 2205 Klotz
1437 2185 1473 2214 13
1499 2175 1553 2216 ac]

226 2219 310 2245 ete:
335 2216 452 2247 autcd.
472 2216 601 2247 Medt'ol.
707 2228 742 2254 14
770 2227 883 2248 eorum
902 2227 966 2248 om.
988 2217 1017 2248 T
1128 2227 1164 2257 15
1192 2218 1326 2249 hercule
1349 2218 1394 2250 T:
1419 2219 1556 2250 hercule

226 2263 259 2287 et
276 2262 341 2290 cell.
441 2261 478 2290 18
504 2260 626 2291 nostris
644 2271 708 2291 om.
729 2260 757 2290 T
843 2271 882 2300 23
907 2265 1019 2300 aptum
1039 2260 1128 2291 TEeo
1144 2273 1150 2291 :
1177 2266 1280 2293 totum
1293 2262 1313 2292 k
1329 2274 1335 2293 ε
1360 2268 1470 2293 actum
1488 2265 1554 2294 cett.

226 2303 266 2331 26
291 2301 325 2341 c]
344 2307 478 2333 centum
497 2303 585 2335 codd.
601 2304 661 2343 (ila
680 2306 761 2343 §6711
778 2315 783 2334 :
809 2305 846 2344 <s-
865 2306 937 2343 §69
1008 2305 1048 2335 28
1077 2305 1121 2336 M.
1138 2305 1227 2337 codd.
1246 2316 1252 2335 :
1277 2316 1358 2338 corr,
1377 2304 1555 2337 Manutius

227 2355 269 2384 29
294 2346 390 2376 modo
409 2346 493 2387 non]
515 2348 613 2378 modo
630 2347 763 2379 Ernesli
865 2358 908 2386 30
935 2358 1012 2378 esse
1030 2358 1094 2378 om.
1122 2348 1147 2379 Τ

1577 452 1594 484 5

1577 780 1617 803 10

1579 1106 1616 1138 15

1576 1433 1616 1455 20

1578 1761 1617 1794 25

1576 2086 1616 2117 30
