1747 2620
175 123 219 159 14
239 129 278 158 32
460 91 462 93 ’
608 113 663 150 M.
695 113 864 149 TVLLI
896 110 1201 151 CICERONIS

181 826 219 855 30

238 238 357 275 quarn
397 224 636 263 contumelia
677 232 714 262 et
753 237 843 262 cum
883 222 1005 274 gloria
1043 222 1172 273 potius
1212 236 1296 261 esse
1335 221 1569 260 coniunctus

238 304 357 340 quam
388 304 478 328 cum
513 290 657 339 probro
691 296 902 340 putaretur,
933 296 1053 338 atque
1082 288 1147 326 ille
1177 289 1289 326 dolor
1319 301 1429 325 meus
1461 288 1570 325 dum-

239 362 353 402 taxat,
377 362 549 393 vestrum
577 354 738 405 quidem
764 356 890 393 scelus
915 367 961 392 ac
985 355 1159 392 dedecus
1189 353 1407 391 haberetur.
1468 353 1569 391 Cum

239 419 548 459 vero-—forsitan
579 421 655 458 hoc
681 420 790 470 quod
810 419 985 458 dicturus
1013 433 1098 457 sum
1121 418 1297 456 mirabile
1325 417 1461 456 auditu
1486 431 1571 456 esse

240 485 428 533 videatur,
469 486 539 524 sed
578 492 683 523 certe
729 484 769 523 id
809 484 939 523 dicam
978 485 1088 534 quod
1133 483 1408 522 sentio—cum
1454 481 1607 527 tantis5

239 564 262 588 a
282 550 405 597 vobis,
436 558 564 601 patres
592 549 814 601 conscripti,
837 549 1039 588 beneficiis
1069 551 1246 588 adfectus
1277 548 1349 587 sim
1375 547 1572 598 tantisque

240 615 469 663 honoribus,
503 630 584 654 non
624 617 747 655 modo
785 614 892 653 illam
927 614 1190 653 calamitatem
1229 627 1314 652 esse
1352 626 1433 651 non
1468 614 1571 651 duco

241 682 321 728 sed,
345 681 377 719 si
398 681 494 731 quid
525 680 620 719 mihi
645 687 775 731 potest
795 694 818 718 a
838 694 877 719 re
902 679 1062 730 publica
1089 693 1175 718 esse
1202 678 1437 725 seiunctum,
1463 679 1571 728 quod

241 746 303 784 vix
323 754 462 797 potest,
486 746 666 798 privatim
690 747 741 784 ad
763 759 896 784 meum
920 759 1068 783 nomen
1093 745 1330 795 augendum,
1355 745 1569 794 optandam

205 826 217 836 ⁴
241 813 346 850 duco
378 811 474 850 mihi
508 811 627 850 fuisse
658 811 765 849 illam
797 825 840 848 6
846 811 1138 861 ‘petendamque
1171 810 1379 847 fortunam.
1438 810 1570 858 Atque

242 885 284 916 ut
312 885 422 916 tuum
447 876 705 916 laetissimum
735 876 842 915 diem
871 889 962 913 cum
992 874 1214 913 tristissimo
1243 888 1334 912 meo
1357 874 1569 920 conferam,

243 951 374 981 utrum
409 944 569 982 tandem
604 942 713 980 bono
744 941 827 979 viro
861 948 899 980 et
930 939 1097 991 sapienti
1130 940 1342 990 optabilius
1376 947 1490 990 putas
1519 939 1575 977 sic

243 1009 345 1048 exire
378 1024 398 1048 e
433 1008 556 1059 patria
584 1015 628 1046 ut
656 1020 795 1046 omnes
827 1006 885 1045 sui
916 1006 1019 1044 cives
1044 1007 1222 1053 salutem,
1248 1004 1572 1051 incolumitatem,

244 1075 412 1112 reditum
444 1081 662 1124 precentur,
699 1073 807 1122 quod
840 1070 935 1109 mihi
969 1071 1123 1118 accidit,
1156 1084 1218 1117 an,
1251 1071 1360 1120 quod
1390 1069 1460 1108 tibi
1490 1083 1575 1120 pro-

245 1138 434 1178 ficiscenti
459 1138 599 1186 evenit,
622 1146 665 1176 ut
695 1151 834 1176 omnes
859 1144 1160 1184 exsecrarentur,
1184 1137 1285 1175 male
1312 1143 1572 1186 precarentur,

244 1218 363 1242 unam
398 1203 468 1243 tibi
507 1203 613 1242 illam
645 1203 748 1242 viam
788 1212 825 1242 et
860 1210 1089 1253 perpetuam
1125 1215 1210 1241 esse
1244 1203 1417 1240 vellent?
1474 1200 1575 1239 Mihi

245 1285 307 1309 me
328 1269 416 1309 dius
439 1270 555 1308 fidius
578 1270 616 1307 in
638 1277 749 1307 tanto
771 1268 949 1307 omnium
973 1267 1197 1306 mortalium
1220 1266 1323 1313 odio,
1348 1265 1451 1305 iusto
1472 1279 1577 1317 prae-

243 1336 376 1374 sertim
409 1342 447 1373 et
478 1334 625 1382 debito,
661 1333 820 1384 quaevis
852 1335 943 1384 fuga
974 1347 1094 1384 quam
1128 1334 1207 1371 ulla
1241 1330 1442 1383 provincia
1475 1338 1576 1370 esset

244 1401 422 1452 optatior.

183 1478 224 1517 15
298 1468 376 1506 Sed
397 1480 513 1517 perge
535 1480 659 1517 porro.
723 1467 825 1504 Nam
855 1465 886 1504 si
913 1465 1010 1504 illud
1036 1478 1168 1503 meum
1195 1462 1575 1502 turbulentissimum

183 1614 219 1645 34

244 1540 398 1583 tempus
427 1539 495 1570 tuo
524 1530 844 1581 tranquillissimo
865 1538 1045 1580 praestat,
1078 1529 1174 1579 quid
1196 1529 1402 1568 „conferam
1430 1527 1577 1578 reliqua

243 1611 343 1648 quae
373 1597 412 1635 in
443 1604 481 1635 te
503 1595 709 1635 dedecoris
731 1597 848 1645 plena
877 1597 1042 1642 fuerunt,
1071 1594 1110 1632 in
1133 1608 1195 1632 me
1220 1592 1448 1644 dignitatis?
1508 1595 1576 1631 Me

243 1662 435 1701 Kalendis
486 1660 688 1707 Ianuariis,
734 1660 800 1710 qui
843 1659 927 1699 dies
977 1667 1065 1709 post
1109 1658 1262 1697 obitum
1312 1671 1576 1707 occasumque

241 1736 416 1766 nostrum
436 1727 488 1765 rei
507 1726 688 1777 publicae
707 1725 855 1775 primus
878 1725 1028 1772 inluxit,
1047 1723 1386 1774 frequentissimus
1405 1731 1574 1769 senatus,

241 1807 434 1831 concursu
475 1793 621 1838 Italiae,
662 1793 853 1830 referente
893 1790 1108 1829 clarissimo
1142 1804 1188 1827 ac
1231 1788 1443 1827 fortissimo
1481 1788 1602 1835 viros

242 1860 282 1896 P.
322 1860 501 1904 Lentulo,
538 1857 809 1895 consentiente
841 1865 961 1906 atque
997 1870 1075 1895 una
1109 1870 1206 1894 voce
1241 1854 1445 1893 revocavit.
1508 1856 1576 1893 Me

240 1923 345 1962 idem
367 1932 525 1962 senatus
547 1923 686 1961 exteris
711 1923 948 1969 nationibus,
969 1936 1030 1961 me
1051 1921 1185 1972 legatis
1209 1919 1576 1970 magistratibusque

285 2041 304 2069 3
329 2029 384 2070 ac]
403 2035 459 2060 aut
477 2030 508 2060 E
611 2041 683 2060 cnm
709 2030 781 2060 l'Ee
801 2043 806 2061 :
833 2035 902 2061 tum
921 2034 984 2062 cell.
1144 2031 1164 2059 6
1185 2030 1350 2068 tantisque
1373 2028 1408 2067 V,
1430 2028 1514 2068 Lag.
1534 2038 1576 2066 9:

243 2074 345 2104 tantis
360 2076 424 2104 cell.
542 2084 556 2112 7
583 2074 658 2104 dico
680 2073 778 2104 ῙἝΗ·ι
921 2085 960 2105 10
984 2074 1061 2105 mihi
1082 2074 1185 2104 fuisse
1205 2073 1291 2103 illam
1316 2072 1459 2111 VEan:
1486 2071 1575 2112 illam

244 2151 321 2181 mihi
342 2151 443 2182 fuisse
461 2151 549 2181 illam
566 2150 623 2180 M:
653 2151 755 2183 fuisse
776 2153 855 2183 mihi
876 2153 964 2184 illam
982 2155 1035 2191 pa‘?
1146 2162 1183 2190 13
1210 2162 1228 2182 c
1252 2151 1297 2180 V:
1326 2161 1344 2180 a
1361 2152 1424 2179 cett.
1509 2147 1574 2186 sui]

243 2195 271 2225 ci
292 2195 341 2225 sui
362 2207 427 2236 mg
449 2195 610 2225 Lambini
789 2207 824 2234 14
852 2196 952 2236 tibi]
946 2207 977 2227 in
998 2195 1202 2236 provinciam
1222 2194 1297 2225 add.
1322 2192 1362 2222 lm
1541 2192 1576 2221 18

244 2250 298 2278 qn
290 2239 382 2269 texis
400 2238 611 2279 l>ts311mg
632 2250 637 2268 1
664 2239 736 2270 eius
754 2243 818 2271 cett.
912 2240 990 2279 suga
1007 2239 1092 2270 PV:
1118 2238 1195 2277 suga
1214 2238 1324 2278 potius
1338 2239 1402 2266 cett.
1534 2244 1570 2264 21

245 2288 377 2320 tempus
416 2282 632 2321 l³2tempt15
669 2283 884 2321 profectionis
915 2287 980 2314 cell.
1186 2293 1225 2319 24
1251 2285 1397 2311 xestrum
1427 2277 1573 2315 PVEex¹

246 2336 286 2361 23
311 2336 496 2356 c‘oncuisus
514 2325 544 2354 E
649 2327 690 2356 26
714 2327 950 2357 consentiente
968 2325 1052 2357 PV:
1079 2324 1312 2357 consentiente
1331 2321 1455 2363 populo
1474 2321 1572 2352 Rom.

246 2371 309 2398 cell.

1593 824 1631 845 10

1598 1477 1636 1499 20
