1747 2620
232 74 256 114 7
278 81 319 104 πο
645 63 700 100 M.
733 61 900 98 TVLLI
933 58 1239 98 CICERONIS

216 913 252 934 21

220 1669 255 1691 22

275 176 542 217 coniecturam
580 175 705 214 adfert
743 171 971 211 hominibus
1017 170 1135 209 tacita
1172 169 1345 220 corporis
1383 170 1515 220 figura,
1557 181 1605 207 ex

276 244 422 290 fraude,
451 240 622 288 fallaciis,
653 238 868 278 mendaciis
899 244 1078 275 constare
1106 243 1212 274 totus
1237 235 1420 274 videtur?
1452 233 1521 285 qui
1549 233 1606 272 id-

276 307 381 346 circo
409 306 537 356 capite
566 313 604 344 et
633 302 848 354 superciliis
878 315 1031 352 semper
1057 308 1115 339 est
1141 300 1234 338 rasis
1262 313 1312 338 ne
1336 301 1460 337 ullum
1479 298 1604 349 pilum

276 372 346 410 viri
366 371 462 410 boni
484 371 628 409 habere
649 369 800 408 dicatur
818 382 828 415 3
857 367 967 405 cuius
987 379 1196 417 personam
1217 366 1414 415 praeclare
1435 362 1605 402 Roscius

277 437 317 475 in
337 450 480 476 scaena
499 443 662 474 tractare
686 432 900 479 consuevit,
924 445 1053 481 neque
1082 439 1216 469 tamen
1247 443 1316 481 pro
1346 428 1541 467 beneficio
1569 427 1606 467 ei
1626 445 1644 476 5

276 516 345 554 par
372 502 493 554 gratia
516 503 686 540 refertur.
746 501 848 538 Nam
882 497 1101 537 Ballionem
1131 496 1240 534 illum
1269 494 1606 545 improbissimum

276 576 315 608 et
345 567 653 619 periurissimum
685 567 869 604 lenonem
901 577 992 602 cum
1018 562 1107 613 agit,
1140 562 1218 612 agit
1250 562 1498 609 Chaeream5
1524 574 1608 612 per-

277 647 374 672 sona
403 634 467 671 illa
495 634 697 678 lutulenta,
721 630 882 680 impura,
906 627 1030 667 invisa
1056 627 1096 665 in
1123 627 1239 665 huius
1260 626 1447 674 moribus,
1468 632 1608 664 natura

276 699 433 749 vitaque
463 706 521 738 est
550 710 741 748 expressa.
802 694 881 744 Qui
902 708 1021 745 quam
1048 694 1101 732 ob
1122 706 1203 732 rem
1226 691 1417 731 Roscium
1437 691 1607 731 similem

275 764 334 803 sui
368 764 408 802 in
442 764 578 802 fraude
607 770 645 801 et
675 760 822 800 malitia
851 758 1087 806 existimarit,
1120 758 1216 796 mihi
1245 759 1315 797 vix
1342 757 1505 805 videtur,
1532 756 1608 795 nisi
1629 770 1669 792 10

274 831 373 868 forte
407 829 515 879 quod
549 828 745 878 praeclare
779 827 885 863 hunc
920 824 1061 862 imitari
1095 837 1136 862 se
1170 823 1210 861 in
1248 836 1417 874 persona
1453 823 1608 861 lenonis

273 893 558 934 animadvertit.
618 893 750 941 Quam
780 891 832 929 ob
862 904 943 929 rem
972 889 1088 928 etiam
1110 896 1229 939 atque
1249 888 1367 927 etiam
1388 888 1605 936 considera,

274 961 319 1000 C.
343 960 444 1008 Piso,
469 959 556 1010 quis
587 972 704 1010 quem
738 958 937 996 fraudasse
967 956 1129 995 dicatur.
1189 953 1360 993 Roscius
1385 953 1606 994 Fannium!

274 1025 383 1075 Quid
421 1033 480 1065 est
517 1027 622 1064 hoc?
665 1024 812 1074 probus
851 1022 1086 1073 improbum,
1128 1021 1282 1071 pudens
1321 1019 1605 1069 impudentem,

273 1090 471 1142 periurum
492 1098 631 1136 castuS,
655 1089 841 1128 callidum
869 1087 1082 1138 imperitus,
1105 1085 1275 1124 liberalis
1296 1084 1488 1124 avidum?
1547 1086 1610 1123 In-
1629 1100 1668 1133 15

272 1156 460 1196 credibile
499 1163 567 1195 est.
641 1156 773 1204 Quem
812 1155 862 1192 ad
903 1153 1080 1199 modum,
1122 1151 1153 1189 si
1198 1150 1371 1189 Fannius
1416 1149 1607 1189 Roscium

273 1223 473 1260 fraudasse
512 1221 715 1267 diceretur,
752 1227 962 1268 utrumque
1002 1231 1048 1256 ex
1087 1216 1290 1266 utriusque
1328 1229 1496 1265 persona
1529 1214 1609 1253 veri

273 1286 400 1326 simile
429 1285 636 1333 videretur,
668 1292 706 1323 et
738 1283 933 1322 Fannium
966 1296 1034 1332 per
1070 1280 1258 1320 malitiam
1294 1280 1433 1319 fecisse
1461 1288 1500 1319 et
1531 1282 1610 1319 Ro-

274 1351 399 1390 scium
429 1364 498 1402 per
526 1348 832 1401 imprudentiam
863 1349 1074 1398 deceptum
1107 1360 1202 1393 esse,
1227 1345 1292 1392 sic,
1316 1359 1407 1384 cum
1439 1345 1609 1384 Roscius

276 1416 470 1455 Fannium
505 1416 705 1454 fraudasse
738 1420 928 1464 arguatur,
966 1420 1177 1462 utrumque
1208 1410 1439 1450 incredibile
1468 1419 1536 1459 est,
1570 1418 1608 1450 et
1630 1430 1670 1453 20

275 1481 467 1521 Roscium
506 1480 718 1531 quicquam
758 1493 826 1530 per
863 1478 1064 1517 avaritiam
1108 1476 1305 1527 appetisse
1339 1484 1377 1515 et
1412 1477 1608 1516 Fannium

275 1546 487 1597 quicquam
508 1559 577 1596 per
596 1545 812 1585 bonitatem
835 1544 1023 1582 amisisse.

331 1611 527 1661 Principia
547 1618 637 1649 sunt
658 1610 773 1648 huius
795 1609 928 1657 modi3
959 1616 1183 1659 spectemus
1204 1608 1362 1659 reliqua.
1425 1609 1495 1647 HS
1519 1620 1609 1647 1333

278 1678 328 1726 Q.
353 1675 520 1715 Roscius
545 1675 736 1714 fraudavit
765 1674 972 1713 Fannium.
1032 1676 1123 1724 Qua
1143 1675 1193 1713 de
1220 1676 1367 1712 causa?
1423 1674 1609 1712 Subridet

277 1741 465 1788 Saturius,
495 1748 697 1786 veterator,
734 1747 776 1778 ut
811 1740 885 1779 sibi
918 1740 1095 1787 videtur3
1138 1740 1191 1778 ait
1225 1747 1383 1790 propter
1417 1739 1501 1789 ipsa
1536 1741 1607 1778 HS
1630 1756 1666 1787 25

279 1819 379 1847 1333.
428 1806 582 1853 Video3
612 1807 681 1844 sed
703 1812 835 1844 tamen
857 1819 924 1843 cur
944 1805 1028 1856 ipsa
1050 1807 1121 1844 HS
1144 1817 1234 1844 1333
1255 1813 1335 1843 tam
1355 1806 1610 1844 vehementer

276 1871 518 1922 concupierit
548 1884 719 1921 quaero;
754 1885 844 1909 nam
874 1872 956 1920 tibi,
991 1873 1047 1910 M.
1080 1873 1295 1921 Perpenna,
1329 1871 1399 1908 tihi
1425 1871 1470 1910 C.
1504 1870 1605 1917 Piso,

277 1945 382 1977 certe
408 1936 504 1975 tanti
525 1950 605 1974 non
633 1936 797 1976 fuissent
826 1945 867 1976 ut
889 1937 1039 1977 socium
1066 1936 1305 1975 fraudaretiS.
1368 1935 1515 1974 Roscio
1540 1949 1609 1973 cur

277 2002 375 2042 tanti
413 2001 555 2040 fuerint
597 2015 756 2041 causam
798 2003 963 2053 requiro.
1025 2003 1206 2053 Egebat?
1264 2003 1395 2039 Immo
1429 2002 1605 2050 locuples

277 2075 369 2108 erat.
414 2067 625 2106 Debebat?
670 2069 801 2106 Immo
822 2068 861 2106 in
883 2068 961 2106 suis
983 2067 1155 2106 nummis
1176 2067 1410 2105 versabatur.
1452 2068 1604 2104 Avarus
1625 2078 1667 2110 30

321 2181 341 2210 3
366 2181 462 2202 rasus
479 2172 537 2209 ος,
557 2171 691 2202 Ernesti
846 2182 884 2203 10
909 2171 988 2202 mihi
1009 2172 1091 2208 <non
1114 2171 1195 2201 mihi
1213 2171 1253 2210 ς,
1275 2171 1355 2201 mihi
1374 2180 1474 2201 causa
1492 2179 1557 2200 non
1578 2170 1605 2207 t)

278 2215 365 2247 codd.
384 2227 390 2246 :
415 2215 496 2245 nihil
515 2215 703 2255 Naugerius
718 2216 766 2253 (13
786 2226 792 2245 :
818 2216 934 2245 mirum
954 2216 1032 2245 mihi
1053 2215 1193 2255 Madvig
1257 2215 1314 2245 vix
1332 2213 1479 2253 supplevi
1565 2223 1607 2243 22

279 2269 341 2298 per
358 2269 395 2290 sc
414 2259 563 2289 bonitate
581 2259 669 2290 codd.
687 2270 693 2289 ε
718 2270 796 2290 corr.
818 2258 996 2289 Manutius
1137 2269 1175 2298 27
1202 2258 1259 2289 tibi
1277 2257 1424 2298 supplevi
1564 2257 1606 2286 28

277 2303 396 2334 fuisset
414 2308 449 2334 ut
467 2327 474 2335 .
493 2327 501 2335 .
521 2327 529 2334 .
550 2303 647 2333 fuerit
669 2303 776 2335 codd.:
801 2314 880 2334 corr.
908 2302 1077 2333 Turnebus
1223 2312 1266 2341 30
1289 2301 1434 2332 nummis
1453 2301 1492 2340 ς’,
1511 2298 1605 2330 Nau-

274 2347 386 2387 gerius
404 2348 454 2388 (2)
473 2358 479 2378 :
505 2347 644 2378 summis
662 2350 724 2378 cett.
