<?xml version="1.0" encoding="UTF-8"?>
<!DOCTYPE html PUBLIC "-//W3C//DTD XHTML 1.0 Transitional//EN"
    "http://www.w3.org/TR/xhtml1/DTD/xhtml1-transitional.dtd">
<html xmlns="http://www.w3.org/1999/xhtml" xml:lang="en" lang="en">
 <head>
  <title>
</title>
<meta http-equiv="Content-Type" content="text/html;charset=utf-8" />
  <meta name='ocr-system' content='tesseract 3.04.00' />
  <meta name='ocr-capabilities' content='ocr_page ocr_carea ocr_par ocr_line ocrx_word'/>
</head>
<body>
  <div class='ocr_page' id='page_1' title='image "./orationesrecogno04ciceuoft/orationesrecogno04ciceuoft_0148.png"; bbox 0 0 1747 2620; ppageno 0'>
   <div class='ocr_carea' id='block_1_1' title="bbox 224 952 243 981">
    <p class='ocr_par' dir='ltr' id='par_1_1' title="bbox 224 952 243 981">
     <span class='ocr_line' id='line_1_1' title="bbox 224 952 243 981; baseline 0 0"><span class='ocrx_word' id='word_1_1' title='bbox 224 952 243 981; x_wconf 90' lang='lat'>1</span> 
     </span>
    </p>
   </div>
   <div class='ocr_carea' id='block_1_2' title="bbox 226 1013 239 1035">
    <p class='ocr_par' dir='ltr' id='par_1_2' title="bbox 226 1013 239 1035">
     <span class='ocr_line' id='line_1_2' title="bbox 226 1013 239 1035; baseline 0 0"><span class='ocrx_word' id='word_1_2' title='bbox 226 1013 239 1035; x_wconf 82' lang='lat' dir='ltr'>t</span> 
     </span>
    </p>
   </div>
   <div class='ocr_carea' id='block_1_3' title="bbox 540 329 1320 378">
    <p class='ocr_par' dir='ltr' id='par_1_3' title="bbox 540 329 1320 378">
     <span class='ocr_line' id='line_1_3' title="bbox 540 329 1320 378; baseline -0.001 0"><span class='ocrx_word' id='word_1_3' title='bbox 540 331 610 378; x_wconf 88' lang='lat' dir='ltr'>M.</span> <span class='ocrx_word' id='word_1_4' title='bbox 656 329 868 377; x_wconf 86' lang='lat' dir='ltr'>TVLLI</span> <span class='ocrx_word' id='word_1_5' title='bbox 925 330 1320 377; x_wconf 84' lang='lat' dir='ltr'>CICERONIS</span> 
     </span>
    </p>
   </div>
   <div class='ocr_carea' id='block_1_4' title="bbox 331 463 1523 848">
    <p class='ocr_par' dir='ltr' id='par_1_4' title="bbox 331 463 1523 848">
     <span class='ocr_line' id='line_1_4' title="bbox 392 463 1464 513; baseline 0.002 -2"><span class='ocrx_word' id='word_1_6' title='bbox 392 463 490 511; x_wconf 88' lang='lat' dir='ltr'>DE</span> <span class='ocrx_word' id='word_1_7' title='bbox 544 464 734 511; x_wconf 86' lang='lat' dir='ltr'><strong>LEGE</strong></span> <span class='ocrx_word' id='word_1_8' title='bbox 787 464 1125 512; x_wconf 79' lang='lat' dir='ltr'><strong>AGRARIA</strong></span> <span class='ocrx_word' id='word_1_9' title='bbox 1179 464 1464 513; x_wconf 85' lang='lat' dir='ltr'><strong>ORATIO</strong></span> 
     </span>
     <span class='ocr_line' id='line_1_5' title="bbox 751 574 1100 622; baseline -0.003 -1"><span class='ocrx_word' id='word_1_10' title='bbox 751 574 1100 622; x_wconf 86' lang='lat' dir='ltr'><strong>SECVNDA</strong></span> 
     </span>
     <span class='ocr_line' id='line_1_6' title="bbox 331 687 1523 735; baseline 0.001 -1"><span class='ocrx_word' id='word_1_11' title='bbox 331 687 633 735; x_wconf 87' lang='lat' dir='ltr'><strong>CONTRA</strong></span> <span class='ocrx_word' id='word_1_12' title='bbox 686 688 737 734; x_wconf 81' lang='lat' dir='ltr'>P.</span> <span class='ocrx_word' id='word_1_13' title='bbox 788 687 1187 734; x_wconf 73' lang='lat' dir='ltr'><strong>SERVILIVM</strong></span> <span class='ocrx_word' id='word_1_14' title='bbox 1231 688 1523 735; x_wconf 81' lang='lat' dir='ltr'><strong>RVLLVM</strong></span> 
     </span>
     <span class='ocr_line' id='line_1_7' title="bbox 476 799 1378 848; baseline -0.001 -2"><span class='ocrx_word' id='word_1_15' title='bbox 476 801 586 848; x_wconf 89' lang='lat' dir='ltr'>TR.</span> <span class='ocrx_word' id='word_1_16' title='bbox 644 800 834 847; x_wconf 81' lang='lat' dir='ltr'><strong>PLEss.</strong></span> <span class='ocrx_word' id='word_1_17' title='bbox 887 799 989 846; x_wconf 86' lang='lat' dir='ltr'>AD</span> <span class='ocrx_word' id='word_1_18' title='bbox 1043 800 1378 847; x_wconf 76' lang='lat' dir='ltr'><strong>POPVLVM</strong></span> 
     </span>
    </p>
   </div>
   <div class='ocr_carea' id='block_1_5' title="bbox 255 956 1649 2121">
    <p class='ocr_par' dir='ltr' id='par_1_5' title="bbox 255 956 1649 2121">
     <span class='ocr_line' id='line_1_8' title="bbox 318 956 1590 1008; baseline 0.001 -13"><span class='ocrx_word' id='word_1_19' title='bbox 318 957 399 995; x_wconf 82' lang='lat' dir='ltr'>EST</span> <span class='ocrx_word' id='word_1_20' title='bbox 421 959 497 996; x_wconf 83' lang='lat' dir='ltr'>boc</span> <span class='ocrx_word' id='word_1_21' title='bbox 518 957 557 995; x_wconf 92' lang='lat' dir='ltr'>in</span> <span class='ocrx_word' id='word_1_22' title='bbox 574 971 683 996; x_wconf 90' lang='lat' dir='ltr'>more</span> <span class='ocrx_word' id='word_1_23' title='bbox 698 956 885 1008; x_wconf 80' lang='lat' dir='ltr'>positum,</span> <span class='ocrx_word' id='word_1_24' title='bbox 905 956 1090 1005; x_wconf 80' lang='lat' dir='ltr'><strong>Quirites,</strong></span> <span class='ocrx_word' id='word_1_25' title='bbox 1108 956 1369 1007; x_wconf 84' lang='lat' dir='ltr'>institutoque</span> <span class='ocrx_word' id='word_1_26' title='bbox 1386 957 1590 1007; x_wconf 88' lang='lat' dir='ltr'>maiorum,</span> 
     </span>
     <span class='ocr_line' id='line_1_9' title="bbox 261 1021 1590 1072; baseline 0.001 -11"><span class='ocrx_word' id='word_1_27' title='bbox 261 1030 304 1061; x_wconf 91' lang='lat' dir='ltr'>ut</span> <span class='ocrx_word' id='word_1_28' title='bbox 332 1022 367 1061; x_wconf 86' lang='lat' dir='ltr'>ei</span> <span class='ocrx_word' id='word_1_29' title='bbox 395 1022 462 1072; x_wconf 90' lang='lat' dir='ltr'>qui</span> <span class='ocrx_word' id='word_1_30' title='bbox 490 1022 687 1060; x_wconf 83' lang='lat' dir='ltr'>beneficio</span> <span class='ocrx_word' id='word_1_31' title='bbox 707 1030 837 1060; x_wconf 82' lang='lat' dir='ltr'>vestro</span> <span class='ocrx_word' id='word_1_32' title='bbox 857 1021 1048 1071; x_wconf 77' lang='lat' dir='ltr'>imagines</span> <span class='ocrx_word' id='word_1_33' title='bbox 1069 1021 1240 1060; x_wconf 85' lang='lat' dir='ltr'>familiae</span> <span class='ocrx_word' id='word_1_34' title='bbox 1267 1036 1362 1061; x_wconf 83' lang='lat' dir='ltr'>suae</span> <span class='ocrx_word' id='word_1_35' title='bbox 1387 1024 1590 1062; x_wconf 74' lang='lat' dir='ltr'>consecuti</span> 
     </span>
     <span class='ocr_line' id='line_1_10' title="bbox 261 1086 1590 1138; baseline 0.001 -12"><span class='ocrx_word' id='word_1_36' title='bbox 261 1096 352 1126; x_wconf 84' lang='lat' dir='ltr'>sunt</span> <span class='ocrx_word' id='word_1_37' title='bbox 372 1102 459 1127; x_wconf 85' lang='lat' dir='ltr'>eam</span> <span class='ocrx_word' id='word_1_38' title='bbox 480 1087 647 1138; x_wconf 80' lang='lat' dir='ltr'>primam</span> <span class='ocrx_word' id='word_1_39' title='bbox 678 1087 851 1125; x_wconf 76' lang='lat' dir='ltr'>habeant</span> <span class='ocrx_word' id='word_1_40' title='bbox 877 1086 1119 1134; x_wconf 87' lang='lat' dir='ltr'>contionem,</span> <span class='ocrx_word' id='word_1_41' title='bbox 1141 1101 1219 1137; x_wconf 86' lang='lat' dir='ltr'>qua</span> <span class='ocrx_word' id='word_1_42' title='bbox 1238 1087 1401 1137; x_wconf 76' lang='lat' dir='ltr'>gratiam</span> <span class='ocrx_word' id='word_1_43' title='bbox 1423 1089 1590 1127; x_wconf 83' lang='lat' dir='ltr'>benefici</span> 
     </span>
     <span class='ocr_line' id='line_1_11' title="bbox 260 1152 1591 1202; baseline 0 -10"><span class='ocrx_word' id='word_1_44' title='bbox 260 1153 375 1193; x_wconf 86' lang='lat' dir='ltr'>vestri</span> <span class='ocrx_word' id='word_1_45' title='bbox 415 1167 505 1191; x_wconf 90' lang='lat' dir='ltr'>cum</span> <span class='ocrx_word' id='word_1_46' title='bbox 546 1167 707 1191; x_wconf 82' lang='lat' dir='ltr'>suorum</span> <span class='ocrx_word' id='word_1_47' title='bbox 737 1153 855 1191; x_wconf 83' lang='lat' dir='ltr'>laude</span> <span class='ocrx_word' id='word_1_48' title='bbox 890 1152 1142 1202; x_wconf 81' lang='lat' dir='ltr'>coniungant.</span> <span class='ocrx_word' id='word_1_49' title='bbox 1215 1154 1307 1201; x_wconf 79' lang='lat' dir='ltr'>Qua</span> <span class='ocrx_word' id='word_1_50' title='bbox 1341 1152 1380 1191; x_wconf 88' lang='lat' dir='ltr'>in</span> <span class='ocrx_word' id='word_1_51' title='bbox 1414 1153 1591 1193; x_wconf 87' lang='lat' dir='ltr'>oratione</span> 
     </span>
     <span class='ocr_line' id='line_1_12' title="bbox 260 1217 1627 1270; baseline 0 -13"><span class='ocrx_word' id='word_1_52' title='bbox 260 1233 341 1257; x_wconf 89' lang='lat' dir='ltr'>non</span> <span class='ocrx_word' id='word_1_53' title='bbox 372 1218 467 1257; x_wconf 88' lang='lat' dir='ltr'>nulli</span> <span class='ocrx_word' id='word_1_54' title='bbox 498 1218 715 1269; x_wconf 85' lang='lat' dir='ltr'>aliquando</span> <span class='ocrx_word' id='word_1_55' title='bbox 736 1218 843 1269; x_wconf 80' lang='lat' dir='ltr'>digni</span> <span class='ocrx_word' id='word_1_56' title='bbox 872 1217 1064 1256; x_wconf 84' lang='lat' dir='ltr'>maiorum</span> <span class='ocrx_word' id='word_1_57' title='bbox 1085 1219 1175 1256; x_wconf 86' lang='lat' dir='ltr'>loco</span> <span class='ocrx_word' id='word_1_58' title='bbox 1205 1218 1460 1268; x_wconf 84' lang='lat' dir='ltr'>reperiuntur,</span> <span class='ocrx_word' id='word_1_59' title='bbox 1481 1219 1591 1270; x_wconf 85' lang='lat' dir='ltr'>pleri·</span> <span class='ocrx_word' id='word_1_60' title='bbox 1610 1234 1627 1265; x_wconf 88' lang='lat'>5</span> 
     </span>
     <span class='ocr_line' id='line_1_13' title="bbox 260 1282 1590 1335; baseline -0.001 -12"><span class='ocrx_word' id='word_1_61' title='bbox 260 1298 338 1335; x_wconf 91' lang='lat' dir='ltr'>que</span> <span class='ocrx_word' id='word_1_62' title='bbox 357 1292 489 1323; x_wconf 83' lang='lat' dir='ltr'>autem</span> <span class='ocrx_word' id='word_1_63' title='bbox 512 1285 588 1322; x_wconf 86' lang='lat' dir='ltr'>hoc</span> <span class='ocrx_word' id='word_1_64' title='bbox 609 1283 817 1334; x_wconf 84' lang='lat' dir='ltr'>perficiunt</span> <span class='ocrx_word' id='word_1_65' title='bbox 838 1290 881 1321; x_wconf 91' lang='lat' dir='ltr'>ut</span> <span class='ocrx_word' id='word_1_66' title='bbox 901 1290 1054 1321; x_wconf 86' lang='lat' dir='ltr'>tantum</span> <span class='ocrx_word' id='word_1_67' title='bbox 1085 1282 1299 1321; x_wconf 83' lang='lat' dir='ltr'>maioribus</span> <span class='ocrx_word' id='word_1_68' title='bbox 1320 1297 1455 1322; x_wconf 89' lang='lat' dir='ltr'>eorum</span> <span class='ocrx_word' id='word_1_69' title='bbox 1484 1284 1590 1322; x_wconf 84' lang='lat' dir='ltr'>debi-</span> 
     </span>
     <span class='ocr_line' id='line_1_14' title="bbox 259 1348 1591 1399; baseline 0 -11"><span class='ocrx_word' id='word_1_70' title='bbox 259 1357 343 1388; x_wconf 89' lang='lat' dir='ltr'>tum</span> <span class='ocrx_word' id='word_1_71' title='bbox 382 1363 469 1388; x_wconf 84' lang='lat' dir='ltr'>esse</span> <span class='ocrx_word' id='word_1_72' title='bbox 505 1349 694 1396; x_wconf 86' lang='lat' dir='ltr'>videatur,</span> <span class='ocrx_word' id='word_1_73' title='bbox 730 1350 837 1387; x_wconf 88' lang='lat' dir='ltr'>unde</span> <span class='ocrx_word' id='word_1_74' title='bbox 875 1348 993 1387; x_wconf 88' lang='lat' dir='ltr'>etiam</span> <span class='ocrx_word' id='word_1_75' title='bbox 1029 1349 1138 1397; x_wconf 91' lang='lat' dir='ltr'>quod</span> <span class='ocrx_word' id='word_1_76' title='bbox 1173 1348 1338 1399; x_wconf 76' lang='lat' dir='ltr'>posteris</span> <span class='ocrx_word' id='word_1_77' title='bbox 1377 1351 1591 1388; x_wconf 78' lang='lat' dir='ltr'>solveretur</span> 
     </span>
     <span class='ocr_line' id='line_1_15' title="bbox 260 1413 1589 1465; baseline 0 -12"><span class='ocrx_word' id='word_1_78' title='bbox 260 1416 508 1465; x_wconf 58' lang='lat' dir='ltr'>redundaret,</span> <span class='ocrx_word' id='word_1_79' title='bbox 569 1414 681 1462; x_wconf 82' lang='lat' dir='ltr'>Mihi,</span> <span class='ocrx_word' id='word_1_80' title='bbox 714 1413 898 1463; x_wconf 75' lang='lat' dir='ltr'>Quirites,</span> <span class='ocrx_word' id='word_1_81' title='bbox 932 1415 1038 1464; x_wconf 82' lang='lat' dir='ltr'>apud</span> <span class='ocrx_word' id='word_1_82' title='bbox 1069 1427 1138 1452; x_wconf 73' lang='lat' dir='ltr'>vos</span> <span class='ocrx_word' id='word_1_83' title='bbox 1168 1415 1218 1452; x_wconf 86' lang='lat' dir='ltr'>de</span> <span class='ocrx_word' id='word_1_84' title='bbox 1249 1414 1345 1452; x_wconf 77' lang='lat' dir='ltr'>meis</span> <span class='ocrx_word' id='word_1_85' title='bbox 1376 1414 1589 1453; x_wconf 76' lang='lat' dir='ltr'>maioribus</span> 
     </span>
     <span class='ocr_line' id='line_1_16' title="bbox 258 1481 1588 1533; baseline 0 -12"><span class='ocrx_word' id='word_1_86' title='bbox 258 1483 418 1522; x_wconf 89' lang='lat' dir='ltr'>dicendi</span> <span class='ocrx_word' id='word_1_87' title='bbox 440 1483 603 1521; x_wconf 76' lang='lat' dir='ltr'>facultas</span> <span class='ocrx_word' id='word_1_88' title='bbox 624 1495 705 1520; x_wconf 88' lang='lat' dir='ltr'>non</span> <span class='ocrx_word' id='word_1_89' title='bbox 727 1483 851 1529; x_wconf 91' lang='lat' dir='ltr'>datur,</span> <span class='ocrx_word' id='word_1_90' title='bbox 876 1495 955 1519; x_wconf 92' lang='lat' dir='ltr'>non</span> <span class='ocrx_word' id='word_1_91' title='bbox 977 1495 1057 1531; x_wconf 87' lang='lat' dir='ltr'>quo</span> <span class='ocrx_word' id='word_1_92' title='bbox 1078 1495 1159 1519; x_wconf 91' lang='lat' dir='ltr'>non</span> <span class='ocrx_word' id='word_1_93' title='bbox 1181 1483 1277 1520; x_wconf 80' lang='lat' dir='ltr'>tales</span> <span class='ocrx_word' id='word_1_94' title='bbox 1299 1481 1441 1520; x_wconf 83' lang='lat' dir='ltr'>fuerint</span> <span class='ocrx_word' id='word_1_95' title='bbox 1462 1483 1588 1533; x_wconf 80' lang='lat' dir='ltr'>qualis</span> 
     </span>
     <span class='ocr_line' id='line_1_17' title="bbox 258 1545 1649 1597; baseline -0.002 -11"><span class='ocrx_word' id='word_1_96' title='bbox 258 1562 331 1587; x_wconf 84' lang='lat' dir='ltr'>nos</span> <span class='ocrx_word' id='word_1_97' title='bbox 352 1548 506 1586; x_wconf 90' lang='lat' dir='ltr'>illorum</span> <span class='ocrx_word' id='word_1_98' title='bbox 529 1546 719 1597; x_wconf 79' lang='lat' dir='ltr'>sanguine</span> <span class='ocrx_word' id='word_1_99' title='bbox 740 1555 891 1585; x_wconf 80' lang='lat' dir='ltr'>creatos</span> <span class='ocrx_word' id='word_1_100' title='bbox 905 1545 1202 1597; x_wconf 73' lang='lat' dir='ltr'>disciplinisque</span> <span class='ocrx_word' id='word_1_101' title='bbox 1219 1546 1417 1585; x_wconf 82' lang='lat' dir='ltr'>institutos</span> <span class='ocrx_word' id='word_1_102' title='bbox 1434 1547 1585 1596; x_wconf 81' lang='lat' dir='ltr'>videtis,</span> <span class='ocrx_word' id='word_1_103' title='bbox 1610 1560 1649 1583; x_wconf 88' lang='lat'>10</span> 
     </span>
     <span class='ocr_line' id='line_1_18' title="bbox 257 1612 1588 1664; baseline 0.001 -12"><span class='ocrx_word' id='word_1_104' title='bbox 257 1615 328 1653; x_wconf 84' lang='lat' dir='ltr'>sed</span> <span class='ocrx_word' id='word_1_105' title='bbox 359 1615 468 1664; x_wconf 90' lang='lat' dir='ltr'>quod</span> <span class='ocrx_word' id='word_1_106' title='bbox 500 1614 617 1651; x_wconf 86' lang='lat' dir='ltr'>laude</span> <span class='ocrx_word' id='word_1_107' title='bbox 648 1612 825 1662; x_wconf 84' lang='lat' dir='ltr'>populari</span> <span class='ocrx_word' id='word_1_108' title='bbox 855 1620 975 1662; x_wconf 88' lang='lat' dir='ltr'>atque</span> <span class='ocrx_word' id='word_1_109' title='bbox 1005 1612 1165 1650; x_wconf 74' lang='lat' dir='ltr'>honoris</span> <span class='ocrx_word' id='word_1_110' title='bbox 1196 1612 1311 1651; x_wconf 83' lang='lat' dir='ltr'>vestri</span> <span class='ocrx_word' id='word_1_111' title='bbox 1341 1614 1429 1652; x_wconf 85' lang='lat' dir='ltr'>luce</span> <span class='ocrx_word' id='word_1_112' title='bbox 1458 1628 1588 1653; x_wconf 87' lang='lat' dir='ltr'>carue-</span> 
     </span>
     <span class='ocr_line' id='line_1_19' title="bbox 257 1677 1589 1729; baseline -0.001 -11"><span class='ocrx_word' id='word_1_113' title='bbox 257 1687 355 1718; x_wconf 89' lang='lat' dir='ltr'>runt.</span> <span class='ocrx_word' id='word_1_114' title='bbox 420 1680 481 1717; x_wconf 88' lang='lat' dir='ltr'>De</span> <span class='ocrx_word' id='word_1_115' title='bbox 503 1692 566 1716; x_wconf 88' lang='lat' dir='ltr'>me</span> <span class='ocrx_word' id='word_1_116' title='bbox 586 1686 717 1716; x_wconf 84' lang='lat' dir='ltr'>autem</span> <span class='ocrx_word' id='word_1_117' title='bbox 741 1677 827 1727; x_wconf 80' lang='lat' dir='ltr'>ipso</span> <span class='ocrx_word' id='word_1_118' title='bbox 847 1690 981 1716; x_wconf 84' lang='lat' dir='ltr'>vereor</span> <span class='ocrx_word' id='word_1_119' title='bbox 1002 1691 1052 1715; x_wconf 91' lang='lat' dir='ltr'>ne</span> <span class='ocrx_word' id='word_1_120' title='bbox 1073 1678 1298 1728; x_wconf 82' lang='lat' dir='ltr'>adrogantis</span> <span class='ocrx_word' id='word_1_121' title='bbox 1319 1678 1368 1717; x_wconf 88' lang='lat' dir='ltr'>sit</span> <span class='ocrx_word' id='word_1_122' title='bbox 1388 1680 1495 1729; x_wconf 85' lang='lat' dir='ltr'>apud</span> <span class='ocrx_word' id='word_1_123' title='bbox 1516 1693 1589 1718; x_wconf 79' lang='lat' dir='ltr'>vos</span> 
     </span>
     <span class='ocr_line' id='line_1_20' title="bbox 256 1742 1589 1795; baseline 0 -12"><span class='ocrx_word' id='word_1_124' title='bbox 256 1744 397 1792; x_wconf 86' lang='lat' dir='ltr'>dicere,</span> <span class='ocrx_word' id='word_1_125' title='bbox 421 1743 559 1793; x_wconf 81' lang='lat' dir='ltr'>ingrati</span> <span class='ocrx_word' id='word_1_126' title='bbox 588 1751 727 1781; x_wconf 87' lang='lat' dir='ltr'>tacere.</span> <span class='ocrx_word' id='word_1_127' title='bbox 788 1744 891 1780; x_wconf 90' lang='lat' dir='ltr'>Nam</span> <span class='ocrx_word' id='word_1_128' title='bbox 923 1750 961 1780; x_wconf 89' lang='lat' dir='ltr'>et</span> <span class='ocrx_word' id='word_1_129' title='bbox 991 1742 1135 1792; x_wconf 78' lang='lat' dir='ltr'>qulbus</span> <span class='ocrx_word' id='word_1_130' title='bbox 1166 1742 1304 1782; x_wconf 79' lang='lat' dir='ltr'>studiis</span> <span class='ocrx_word' id='word_1_131' title='bbox 1334 1745 1437 1782; x_wconf 88' lang='lat' dir='ltr'>hanc</span> <span class='ocrx_word' id='word_1_132' title='bbox 1466 1744 1589 1795; x_wconf 80' lang='lat' dir='ltr'>digni-</span> 
     </span>
     <span class='ocr_line' id='line_1_21' title="bbox 256 1807 1586 1860; baseline -0.001 -11"><span class='ocrx_word' id='word_1_133' title='bbox 256 1818 377 1849; x_wconf 83' lang='lat' dir='ltr'>tatem</span> <span class='ocrx_word' id='word_1_134' title='bbox 398 1816 634 1848; x_wconf 82' lang='lat' dir='ltr'>consecutus</span> <span class='ocrx_word' id='word_1_135' title='bbox 657 1807 729 1846; x_wconf 76' lang='lat' dir='ltr'>sim</span> <span class='ocrx_word' id='word_1_136' title='bbox 748 1815 893 1846; x_wconf 84' lang='lat' dir='ltr'>memet</span> <span class='ocrx_word' id='word_1_137' title='bbox 915 1808 1043 1858; x_wconf 81' lang='lat' dir='ltr'>ipsum</span> <span class='ocrx_word' id='word_1_138' title='bbox 1065 1821 1376 1847; x_wconf 88' lang='lat' dir='ltr'>commemorare</span> <span class='ocrx_word' id='word_1_139' title='bbox 1396 1823 1586 1860; x_wconf 76' lang='lat' dir='ltr'>perquam</span> 
     </span>
     <span class='ocr_line' id='line_1_22' title="bbox 255 1873 1645 1926; baseline 0 -12"><span class='ocrx_word' id='word_1_140' title='bbox 255 1889 371 1926; x_wconf 82' lang='lat' dir='ltr'>grave</span> <span class='ocrx_word' id='word_1_141' title='bbox 398 1883 466 1923; x_wconf 75' lang='lat' dir='ltr'>est,</span> <span class='ocrx_word' id='word_1_142' title='bbox 490 1882 528 1913; x_wconf 93' lang='lat' dir='ltr'>et</span> <span class='ocrx_word' id='word_1_143' title='bbox 559 1873 671 1912; x_wconf 79' lang='lat' dir='ltr'>silere</span> <span class='ocrx_word' id='word_1_144' title='bbox 702 1874 752 1912; x_wconf 86' lang='lat' dir='ltr'>de</span> <span class='ocrx_word' id='word_1_145' title='bbox 783 1874 900 1911; x_wconf 87' lang='lat' dir='ltr'>tantis</span> <span class='ocrx_word' id='word_1_146' title='bbox 930 1873 1065 1912; x_wconf 77' lang='lat' dir='ltr'>vestris</span> <span class='ocrx_word' id='word_1_147' title='bbox 1093 1874 1295 1913; x_wconf 82' lang='lat' dir='ltr'>beneficiis</span> <span class='ocrx_word' id='word_1_148' title='bbox 1326 1876 1435 1913; x_wconf 89' lang='lat' dir='ltr'>nullo</span> <span class='ocrx_word' id='word_1_149' title='bbox 1465 1877 1587 1914; x_wconf 91' lang='lat' dir='ltr'>modo</span> <span class='ocrx_word' id='word_1_150' title='bbox 1610 1885 1645 1919; x_wconf 72' lang='lat'>15</span> 
     </span>
     <span class='ocr_line' id='line_1_23' title="bbox 256 1938 1587 1991; baseline 0 -12"><span class='ocrx_word' id='word_1_151' title='bbox 256 1954 429 1991; x_wconf 80' lang='lat' dir='ltr'>possum.</span> <span class='ocrx_word' id='word_1_152' title='bbox 483 1941 574 1989; x_wconf 80' lang='lat' dir='ltr'>Qua</span> <span class='ocrx_word' id='word_1_153' title='bbox 595 1953 634 1978; x_wconf 91' lang='lat' dir='ltr'>re</span> <span class='ocrx_word' id='word_1_154' title='bbox 654 1938 907 1978; x_wconf 82' lang='lat' dir='ltr'>adhibebitur</span> <span class='ocrx_word' id='word_1_155' title='bbox 926 1953 949 1978; x_wconf 85' lang='lat' dir='ltr'>a</span> <span class='ocrx_word' id='word_1_156' title='bbox 970 1953 1033 1978; x_wconf 81' lang='lat' dir='ltr'>nie</span> <span class='ocrx_word' id='word_1_157' title='bbox 1054 1947 1158 1978; x_wconf 84' lang='lat' dir='ltr'>certa</span> <span class='ocrx_word' id='word_1_158' title='bbox 1173 1939 1271 1978; x_wconf 88' lang='lat' dir='ltr'>ratio</span> <span class='ocrx_word' id='word_1_159' title='bbox 1288 1940 1587 1991; x_wconf 78' lang='lat' dir='ltr'>moderatioque</span> 
     </span>
     <span class='ocr_line' id='line_1_24' title="bbox 256 2005 1587 2056; baseline 0 -12"><span class='ocrx_word' id='word_1_160' title='bbox 256 2005 426 2053; x_wconf 87' lang='lat' dir='ltr'>dicendi,</span> <span class='ocrx_word' id='word_1_161' title='bbox 457 2013 499 2043; x_wconf 89' lang='lat' dir='ltr'>ut</span> <span class='ocrx_word' id='word_1_162' title='bbox 531 2005 626 2055; x_wconf 86' lang='lat' dir='ltr'>quid</span> <span class='ocrx_word' id='word_1_163' title='bbox 656 2018 678 2043; x_wconf 91' lang='lat' dir='ltr'>a</span> <span class='ocrx_word' id='word_1_164' title='bbox 709 2005 820 2043; x_wconf 71' lang='lat' dir='ltr'>vobis</span> <span class='ocrx_word' id='word_1_165' title='bbox 847 2005 1065 2056; x_wconf 88' lang='lat' dir='ltr'>acceperim</span> <span class='ocrx_word' id='word_1_166' title='bbox 1097 2019 1418 2053; x_wconf 87' lang='lat' dir='ltr'>commemorem,</span> <span class='ocrx_word' id='word_1_167' title='bbox 1440 2019 1519 2055; x_wconf 84' lang='lat' dir='ltr'>qua</span> <span class='ocrx_word' id='word_1_168' title='bbox 1547 2019 1587 2044; x_wconf 84' lang='lat' dir='ltr'>re</span> 
     </span>
     <span class='ocr_line' id='line_1_25' title="bbox 256 2070 1587 2121; baseline 0 -12"><span class='ocrx_word' id='word_1_169' title='bbox 256 2071 397 2121; x_wconf 77' lang='lat' dir='ltr'>dignus</span> <span class='ocrx_word' id='word_1_170' title='bbox 427 2078 556 2109; x_wconf 77' lang='lat' dir='ltr'>vestro</span> <span class='ocrx_word' id='word_1_171' title='bbox 577 2084 734 2109; x_wconf 82' lang='lat' dir='ltr'>summo</span> <span class='ocrx_word' id='word_1_172' title='bbox 755 2072 906 2109; x_wconf 90' lang='lat' dir='ltr'>honore</span> <span class='ocrx_word' id='word_1_173' title='bbox 927 2070 1190 2121; x_wconf 72' lang='lat' dir='ltr'>singularique</span> <span class='ocrx_word' id='word_1_174' title='bbox 1219 2070 1367 2109; x_wconf 88' lang='lat' dir='ltr'>iudicio</span> <span class='ocrx_word' id='word_1_175' title='bbox 1395 2070 1480 2119; x_wconf 82' lang='lat' dir='ltr'>sim,</span> <span class='ocrx_word' id='word_1_176' title='bbox 1503 2070 1587 2121; x_wconf 78' lang='lat' dir='ltr'>ipse</span> 
     </span>
    </p>
   </div>
   <div class='ocr_carea' id='block_1_6' title="bbox 254 2175 1585 2306">
    <p class='ocr_par' dir='ltr' id='par_1_6' title="bbox 254 2175 1585 2306">
     <span class='ocr_line' id='line_1_26' title="bbox 300 2175 1585 2217; baseline 0 -10"><span class='ocrx_word' id='word_1_177' title='bbox 300 2187 319 2217; x_wconf 90' lang='lat'>3</span> <span class='ocrx_word' id='word_1_178' title='bbox 344 2177 536 2207; x_wconf 84' lang='lat' dir='ltr'>contionem</span> <span class='ocrx_word' id='word_1_179' title='bbox 554 2175 655 2206; x_wconf 79' lang='lat' dir='ltr'>EcN:</span> <span class='ocrx_word' id='word_1_180' title='bbox 680 2177 864 2206; x_wconf 75' lang='lat' dir='ltr'>orationem</span> <span class='ocrx_word' id='word_1_181' title='bbox 884 2175 973 2214; x_wconf 62' lang='grc' dir='ltr'>Μμίῗ</span> <span class='ocrx_word' id='word_1_182' title='bbox 1119 2188 1137 2215; x_wconf 87' lang='lat'><strong>4</strong></span> <span class='ocrx_word' id='word_1_183' title='bbox 1162 2177 1315 2207; x_wconf 81' lang='lat' dir='ltr'>oratione</span> <span class='ocrx_word' id='word_1_184' title='bbox 1332 2176 1428 2207; x_wconf 74' lang='lat' dir='ltr'>EcN:</span> <span class='ocrx_word' id='word_1_185' title='bbox 1455 2177 1585 2207; x_wconf 83' lang='lat' dir='ltr'>ratione</span> 
     </span>
     <span class='ocr_line' id='line_1_27' title="bbox 256 2220 1585 2259; baseline 0 -9"><span class='ocrx_word' id='word_1_186' title='bbox 256 2220 349 2259; x_wconf 60' lang='lat' dir='ltr'>Mfi</span> <span class='ocrx_word' id='word_1_187' title='bbox 483 2231 499 2259; x_wconf 88' lang='grc'><strong>7</strong></span> <span class='ocrx_word' id='word_1_188' title='bbox 526 2220 713 2251; x_wconf 84' lang='lat' dir='ltr'>solveretur</span> <span class='ocrx_word' id='word_1_189' title='bbox 727 2230 793 2250; x_wconf 84' lang='lat' dir='ltr'>om.</span> <span class='ocrx_word' id='word_1_190' title='bbox 815 2231 835 2250; x_wconf 82' lang='lat' dir='ltr'>n</span> <span class='ocrx_word' id='word_1_191' title='bbox 968 2220 988 2249; x_wconf 88' lang='lat'>8</span> <span class='ocrx_word' id='word_1_192' title='bbox 1009 2220 1099 2259; x_wconf 82' lang='lat' dir='ltr'>mihi,</span> <span class='ocrx_word' id='word_1_193' title='bbox 1121 2220 1272 2258; x_wconf 81' lang='lat' dir='ltr'>Quirites</span> <span class='ocrx_word' id='word_1_194' title='bbox 1287 2220 1462 2251; x_wconf 73' lang='lat' dir='ltr'>Pillzoens:</span> <span class='ocrx_word' id='word_1_195' title='bbox 1489 2221 1585 2250; x_wconf 80' lang='lat' dir='ltr'>mihi-</span> 
     </span>
     <span class='ocr_line' id='line_1_28' title="bbox 254 2262 1584 2306; baseline -0.001 -11"><span class='ocrx_word' id='word_1_196' title='bbox 254 2275 320 2304; x_wconf 87' lang='lat' dir='ltr'>que</span> <span class='ocrx_word' id='word_1_197' title='bbox 337 2263 405 2295; x_wconf 82' lang='lat' dir='ltr'>Een</span> <span class='ocrx_word' id='word_1_198' title='bbox 421 2275 427 2294; x_wconf 88' lang='lat'><strong>:</strong></span> <span class='ocrx_word' id='word_1_199' title='bbox 453 2264 532 2294; x_wconf 82' lang='lat' dir='ltr'>mihi</span> <span class='ocrx_word' id='word_1_200' title='bbox 550 2264 684 2303; x_wconf 86' lang='lat' dir='ltr'>quidem</span> <span class='ocrx_word' id='word_1_201' title='bbox 701 2268 768 2295; x_wconf 82' lang='lat' dir='ltr'>cell.</span> <span class='ocrx_word' id='word_1_202' title='bbox 879 2275 901 2303; x_wconf 91' lang='lat'><strong>9</strong></span> <span class='ocrx_word' id='word_1_203' title='bbox 925 2262 1004 2303; x_wconf 80' lang='lat' dir='ltr'>qno]</span> <span class='ocrx_word' id='word_1_204' title='bbox 1021 2264 1109 2302; x_wconf 87' lang='lat' dir='ltr'>quod</span> <span class='ocrx_word' id='word_1_205' title='bbox 1122 2263 1191 2293; x_wconf 79' lang='lat' dir='ltr'>Nm</span> <span class='ocrx_word' id='word_1_206' title='bbox 1289 2274 1357 2295; x_wconf 73' lang='lat' dir='ltr'>non</span> <span class='ocrx_word' id='word_1_207' title='bbox 1378 2265 1466 2306; x_wconf 63' lang='lat' dir='ltr'>{aule</span> <span class='ocrx_word' id='word_1_208' title='bbox 1483 2263 1584 2304; x_wconf 79' lang='lat' dir='ltr'>tales)</span> 
     </span>
    </p>
   </div>
   <div class='ocr_carea' id='block_1_7' title="bbox 256 2307 1190 2347">
    <p class='ocr_par' dir='ltr' id='par_1_7' title="bbox 256 2307 1190 2347">
     <span class='ocr_line' id='line_1_29' title="bbox 256 2307 1190 2347; baseline 0 -9"><span class='ocrx_word' id='word_1_209' title='bbox 256 2319 320 2339; x_wconf 84' lang='lat' dir='ltr'>om.</span> <span class='ocrx_word' id='word_1_210' title='bbox 340 2307 392 2338; x_wconf 81' lang='lat' dir='ltr'>E:</span> <span class='ocrx_word' id='word_1_211' title='bbox 413 2311 488 2347; x_wconf 74' lang='lat' dir='ltr'>post</span> <span class='ocrx_word' id='word_1_212' title='bbox 503 2308 625 2338; x_wconf 81' lang='lat' dir='ltr'>suerint</span> <span class='ocrx_word' id='word_1_213' title='bbox 641 2307 714 2340; x_wconf 66' lang='lat' dir='ltr'><em>hal).</em></span> <span class='ocrx_word' id='word_1_214' title='bbox 732 2319 747 2338; x_wconf 86' lang='lat' dir='ltr'>e</span> <span class='ocrx_word' id='word_1_215' title='bbox 885 2317 918 2336; x_wconf 73' lang='lat'>[2</span> <span class='ocrx_word' id='word_1_216' title='bbox 943 2308 1014 2347; x_wconf 80' lang='lat' dir='ltr'>ipso</span> <span class='ocrx_word' id='word_1_217' title='bbox 1030 2312 1139 2338; x_wconf 82' lang='lat' dir='ltr'>antem</span> <span class='ocrx_word' id='word_1_218' title='bbox 1158 2307 1190 2338; x_wconf 80' lang='lat' dir='ltr'><em>E</em></span> 
     </span>
    </p>
   </div>
  </div>
 </body>
</html>
