1747 2620
166 69 219 112 2Ί

178 186 219 221 73

176 837 213 868 74

160 1392 210 1428 28

240 73 280 109 73
607 63 664 99 M.
695 61 864 98 TVLLI
898 60 1205 99 CICERONIS

293 175 425 223 Atque
465 174 503 211 in
543 175 614 212 bos
647 186 758 222 agros
799 173 864 222 qui
906 174 979 210 bac
1012 174 1096 221 lege
1130 172 1249 221 empti
1286 172 1362 210 sint
1396 171 1573 211 colonias

237 238 288 276 ab
323 238 382 276 his
414 238 533 277 xviris
566 239 708 277 deduci
750 238 867 276 iubet.
940 237 1078 286 Quid?
1121 236 1301 275 omnisne
1340 239 1451 275 locus
1490 237 1573 275 eius

238 304 349 343 modi
376 311 434 343 est
468 312 511 343 ut
540 304 636 342 nihil
669 304 820 342 intersit
852 303 906 342 rei
941 302 1135 353 publicae,
1165 302 1323 340 colonia
1352 303 1572 341 deducatur

237 369 277 408 in
305 383 396 408 eum
426 371 557 407 locum
589 383 725 416 necne,
753 383 802 408 an
834 377 891 408 est
921 370 1030 407 locus
1061 367 1127 418 qui
1159 368 1355 406 coloniam
1386 370 1568 419 postulet,

236 443 294 474 est
332 437 402 485 qm·
436 437 552 486 plane
592 437 773 474 recuset?
843 436 937 483 Quo
969 435 1008 472 in
1047 447 1189 484 genere
1223 433 1323 472 sicut
1357 432 1398 472 in
1431 433 1570 472 ceteris

235 501 288 539 rei
341 501 522 552 publicae
572 500 747 551 partibus
801 507 858 538 cst
909 513 1052 549 operae
1105 498 1273 548 pretium
1325 498 1569 549 diligentiam

235 566 427 605 maiorum
458 566 663 614 recordari,
687 566 754 616 qui
784 565 960 604 colonias
987 566 1042 602 sic
1070 564 1223 603 idoneis
1249 564 1287 602 in
1315 564 1411 602 locis
1435 572 1572 603 contra

236 631 501 682 suspicionem
550 631 711 682 periculi
760 632 1017 669 conlocarunt
1068 637 1110 667 ut
1157 642 1242 667 csse
1289 643 1370 667 non
1423 629 1570 679 oppida

237 696 384 743 Italiae,
409 698 479 734 scd
500 698 795 747 propugnacula
825 694 960 745 imperi
988 694 1223 732 viderentur.
1287 693 1343 731 Hi
1369 695 1569 733 deducent

234 761 410 800 colonias
460 761 497 799 in
535 775 614 799 ‘eos
662 775 775 811 agros
825 774 923 810 quos
973 759 1163 801 emerint:
1216 759 1387 798 etiamne
1434 759 1466 797 si
1514 760 1567 798 rei

234 826 416 877 publicae
451 841 532 865 non
565 826 778 876 expediat?
834 828 921 863 ‘ET
957 838 1001 862 IN
1037 837 1146 869 QVAE
1183 837 1287 862 LOCA
1322 837 1569 864 1›RAETERE.x

236 893 486 929 VIDEBITVR.'
557 891 665 940 Quid
707 890 820 940 igitur
869 898 926 928 est
969 903 1110 928 causac
1154 889 1249 939 quin
1292 890 1487 929 coloniam
1529 891 1569 930 in

236 957 458 996 Ianiculum
492 957 643 1007 possint
668 958 865 994 deducere
895 964 933 994 et
963 969 1078 993 suum
1109 955 1346 1006 praesidium
1375 956 1413 994 in
1442 957 1570 1008 capite

233 1030 352 1073 atque
380 1022 596 1061 cervicibus
622 1022 762 1060 nostris
788 1022 1025 1059 conlocare?
1081 1022 1145 1059 Tu
1175 1034 1255 1058 non
1283 1022 1447 1060 definias
1472 1032 1569 1073 quot

234 1089 420 1135 colonia&
463 1088 501 1125 in
545 1101 646 1138 quae
685 1089 782 1134 loca,
825 1101 904 1137 quo
943 1100 1109 1124 numero
1152 1088 1384 1125 colonorum
1423 1089 1566 1128 deduci

233 1153 339 1201 velis,
381 1161 422 1191 tu
466 1166 636 1203 occupes
676 1154 807 1190 locum
853 1166 971 1202 quem
1016 1151 1204 1189 idoneum
1248 1153 1298 1189 ad
1338 1151 1415 1190 vim
1460 1161 1566 1192 tuam

234 1218 427 1265 iudicaris,
457 1219 657 1268 compleas
688 1231 863 1263 numerQ
893 1218 1101 1255 confirmes
1128 1217 1323 1266 praesidio
1353 1232 1432 1268 quo
1460 1220 1564 1268 velis,

234 1283 368 1334 populi
403 1283 575 1321 Romani
608 1282 862 1332 vectigalibus
901 1290 1020 1332 atque
1055 1281 1240 1319 omnibus
1280 1283 1403 1332 copiis
1438 1285 1566 1334 ipsum

234 1349 424 1398 populum
462 1350 689 1386 Romanum
723 1360 915 1393 coerceas,
955 1347 1164 1397 opprimas,
1200 1347 1352 1397 redigas
1384 1348 1421 1386 in
1453 1349 1565 1389 istam

235 1412 423 1451 xviralem
438 1412 635 1451 dicionem
651 1426 695 1450 ac
711 1414 975 1462 potestatem?
1011 1414 1059 1450 Vt
1074 1426 1165 1450 vero
1180 1420 1302 1460 totam
1319 1414 1473 1453 Italiam
1487 1416 1565 1454 suis

234 1478 436 1528 praesidiis
458 1478 639 1516 obsidere
661 1486 779 1528 atque
802 1492 995 1528 occupare
1019 1477 1173 1527 cogitet,
1199 1491 1356 1528 quaeso,
1382 1480 1564 1530 Quirites,

233 1543 470 1593 cognoscite.
518 1543 711 1581 Permittit
734 1543 853 1581 xviris
870 1550 910 1581 ut
933 1543 971 1580 in
991 1542 1124 1581 onmia
1143 1543 1365 1593 municipia,
1386 1544 1423 1582 in
1439 1546 1566 1584 omnis

232 1608 407 1648 colonias
429 1609 547 1647 totius
570 1608 707 1646 Italiae
733 1610 897 1646 colonos
921 1610 1121 1647 deducant
1147 1622 1245 1658 quos
1277 1609 1407 1656 velint,
1432 1611 1567 1661 eisque

231 1673 382 1712 colonis
402 1686 514 1723 agros
535 1673 617 1711 dari
639 1673 757 1711 iubet.
821 1675 928 1711 Num
951 1675 1117 1712 obscure
1140 1674 1307 1712 maiores
1330 1689 1424 1724 opes
1446 1690 1563 1726 quam

230 1737 387 1776 libertas
418 1746 543 1775 vestra
568 1737 646 1787 pati
674 1745 813 1787 potest,
843 1746 881 1776 et
915 1739 1060 1777 maiora
1088 1739 1280 1789 praesidia
1312 1750 1561 1790 quaeruntur,

231 1817 325 1842 num
341 1804 507 1842 obscure
521 1816 683 1852 regnum
700 1803 960 1850 constituitur,
975 1818 1069 1842 num
1087 1806 1252 1844 obscure
1268 1805 1424 1844 libertas
1440 1815 1565 1845 vestra

231 1867 406 1906 tollitur?
464 1869 567 1905 Nam
608 1881 698 1906 cum
742 1868 847 1907 idem
888 1883 1047 1908 omnem
1090 1870 1310 1920 pecuniam,
1354 1872 1562 1910 maximam

232 1933 524 1972 multitudinem
559 1934 785 1981 obtinebam,
826 1934 930 1973 idem
964 1943 1085 1973 totam
1126 1936 1278 1974 Italiam
1313 1938 1391 1974 suis
1424 1937 1564 1986 opibus

276 2048 288 2067 1
316 2042 391 2068 sunt
411 2036 478 2067 EN
626 2049 644 2068 2
670 2039 720 2069 his
738 2049 840 2078 emm}
857 2051 863 2069 z
889 2040 927 2069 iis
943 2043 1009 2070 crit.
1160 2051 1178 2079 5
1204 2046 1254 2071 cst
1273 2041 1372 2081 plane
1391 2042 1513 2072 rectius
1531 2047 1565 2073 et

232 2091 311 2121 tom.
339 2086 372 2112 et
396 2081 429 2119 le)
450 2092 514 2121 quo
540 2081 626 2112 codd
649 2094 654 2112 :
681 2094 758 2112 corr.
788 2082 1011 2113 Lam-edamus
1170 2096 1184 2124 7
1212 2085 1276 2125 sic]
1299 2086 1327 2115 si
1345 2085 1391 2116 Er·
1542 2096 1564 2124 9

230 2126 359 2165 imperii
380 2126 578 2156 viderentur
590 2126 643 2156 vok
660 2138 665 2156 z
694 2127 891 2157 viderentur
908 2126 1040 2166 imperii
1056 2127 1103 2158 E:
1132 2129 1263 2168 imperii
1279 2139 1357 2159 esse
1369 2130 1565 2159 videi-entm-

228 2173 294 2201 ΝΗ.
466 2180 501 2208 14
528 2170 652 2200 vestris
678 2180 725 2199 nm
861 2170 1024 2201 collocare
1047 2171 1113 2202 Ee:
1146 2173 1274 2211 possint
1300 2171 1470 2203 collocare
1495 2177 1561 2205 fell.

229 2218 308 2250 quot
331 2213 574 2243 Lanmlanns:
602 2224 667 2252 quo
685 2212 774 2244 codd.
922 2224 958 2253 19
984 2215 1122 2245 reducas
1140 2216 1171 2254 in
1192 2215 1227 2244 N
1371 2227 1408 2246 21
1438 2217 1563 2255 cogitet

230 2267 288 2285 1111!
308 2268 313 2286 :
339 2258 491 2294 cogitent
512 2257 725 2296 (cognoscite
745 2256 790 2287 E*
810 2261 873 2288 cell.
1069 2269 1109 2289 22
1133 2261 1281 2298 permitti
1299 2259 1346 2291 Ep
1476 2268 1491 2299 j
1508 2271 1561 2299 ‚24

229 2299 359 2330 colonis
376 2299 429 2330 En
448 2312 454 2330 z
481 2300 623 2331 coloniis
640 2305 705 2332 cell.
841 2310 881 2340 25
906 2307 938 2331 et
956 2301 1053 2332 EeN:
1080 2313 1116 2333 ac
1135 2307 1198 2333 wll.
1301 2305 1341 2334 28
1365 2297 1563 2343 obtinebunt

229 2344 332 2383 suppl.
358 2342 586 2375 Lauredamts
679 2345 765 2375 idem
783 2356 798 2375 c
813 2357 818 2375 ;
846 2346 876 2375 id
894 2350 944 2375 cst
960 2349 1024 2376 cell.

1588 442 1606 477 5

1590 773 1627 798 10

1592 1103 1627 1135 ¹5

1588 1433 1626 1455 20
