1747 2620
212 85 300 122 618
629 86 683 122 M.
718 86 885 122 TVLLI
918 86 1225 124 CICERONIS

257 194 363 234 illam
403 197 540 235 urbem
577 195 668 235 huic
700 196 787 235 urbi
819 210 948 234 rursus
988 210 1200 247 opponere,
1237 196 1330 236 illuc
1368 211 1463 248 opes
1501 211 1590 236 suas

257 262 407 300 deferre
441 268 479 300 et
512 261 650 312 imperi
687 275 832 300 nomen
873 263 1078 300 transferre
1117 261 1301 312 cogitant.
1360 262 1441 311 Qui
1479 264 1589 301 locus

256 334 414 377 propter
435 327 655 365 ubertatem
677 341 857 377 agrorum
874 327 1241 377 abundantiamque
1261 341 1388 366 rerum
1411 327 1589 366 omnium

256 392 479 441 superbiam
502 400 539 430 et
562 392 834 431 crudelitatem
862 391 1044 442 genuisse
1065 392 1217 439 dicitur,
1241 392 1295 430 ibi
1315 392 1437 431 nostri
1458 393 1590 432 coloni

255 456 397 495 delecti
425 458 476 495 ad
506 471 625 495 omne
657 456 808 496 facinus
838 471 861 495 a
888 457 1008 495 xviris
1038 457 1366 505 conlocabuntur,
1385 465 1434 505 et,
1457 459 1589 506 credo,

255 536 332 572 qua
367 522 406 560 in
438 523 534 561 urbe
570 522 752 561 homines
789 522 828 560 in
865 531 994 561 vetere
1025 522 1214 572 dignitate
1245 523 1479 573 fortunaque
1508 524 1589 561 nati

256 587 410 638 copiam
432 601 558 626 rerum
581 589 783 627 moderate
806 590 903 626 ferre
925 602 1005 625 non
1027 595 1250 638 potuerunt,
1266 587 1306 625 in
1328 601 1373 626 ea
1392 587 1455 626 isti
1475 588 1590 627 vestri

199 663 236 696 19
255 652 439 691 satellites
461 654 640 691 modeste
664 652 915 691 insolentiam
945 666 1055 691 suam
1085 652 1356 691 continebunt.
1418 652 1590 691 Maiores

255 717 376 756 nostri
411 719 549 768 Capua
588 718 845 769 magistratus,
886 726 1078 766 senatum,
1115 718 1324 757 consilium
1363 732 1587 766 commune,

254 783 389 822 omnia
409 783 580 834 denique
602 784 768 835 insignia
789 784 842 823 rei
864 784 1045 835 publicae
1067 786 1320 832 sustulerunt,
1333 798 1462 835 neque
1482 784 1588 824 aliud

255 848 467 899 quicquam
502 849 541 887 in
576 850 672 888 urbe
708 849 781 888 nisi
816 850 933 889 inane
964 863 1112 889 nomen
1143 852 1304 901 Capuae
1336 850 1585 900 reliquerunt,

255 928 335 952 non
365 914 748 965 crudelitate—quid
781 915 885 954 enim
915 915 987 953 illis
1017 915 1088 953 fuit
1116 915 1347 954 clementius
1375 914 1441 965 qui
1469 914 1588 953 etiam

255 979 422 1018 externis
452 980 632 1020 hostibus
667 980 778 1019 victis
812 994 881 1019 sua
915 981 1142 1032 saepissime
1175 980 1432 1019 reddiderunt
1447 981 1589 1019 ?—sed

255 1045 430 1093 consilio,
455 1048 562 1096 quod
584 1046 782 1094 videbant,
807 1046 838 1085 si
870 1048 978 1097 quod
1006 1046 1060 1085 rei
1084 1046 1267 1097 publicae
1287 1045 1493 1096 vestigium
1513 1045 1588 1084 illis

256 1110 463 1149 moenibus
499 1111 777 1160 contineretur,
813 1112 949 1150 urbem
984 1111 1109 1162 ipsam
1142 1111 1307 1162 imperio
1341 1111 1587 1150 domicilium

254 1176 441 1225 praebere
470 1190 610 1226 posse3
645 1191 714 1216 vos
746 1178 858 1225 haec,
880 1176 953 1215 nisi
985 1185 1157 1216 evertere
1182 1191 1265 1215 rem
1295 1176 1494 1227 publicam
1525 1191 1588 1216 cu-

255 1240 396 1291 peretis
428 1255 473 1280 ac
504 1242 616 1281 vobis
652 1256 795 1281 novam
831 1242 1145 1281 dominationem
1184 1256 1421 1293 comparare,
1455 1244 1585 1290 credo,

212 1293 233 1331 7
257 1320 375 1356 quam
407 1307 627 1357 perniciosa
654 1315 784 1346 essent
816 1321 895 1346 non
923 1307 1116 1346 videretis.
1179 1307 1287 1356 Quid
1317 1307 1421 1346 enim
1451 1321 1588 1346 caven-

197 1355 237 1376 20

195 2046 229 2067 21

257 1373 352 1411 dum
374 1380 431 1411 est
452 1373 491 1411 in
519 1373 683 1412 coloniis
712 1373 987 1412 deducendis?
1044 1373 1083 1412 Si
1111 1373 1290 1421 luxuries,
1316 1373 1586 1412 Hannibalem

254 1438 383 1489 ipsum
416 1441 553 1490 Capua
580 1439 761 1490 corrupit,
785 1439 829 1483 si.
847 1439 1038 1490 superbia,
1062 1448 1154 1478 nata
1180 1439 1277 1478 inibi
1304 1453 1389 1479 esse
1416 1441 1514 1478 haec
1541 1454 1587 1478 ex

255 1506 550 1555 Campanorum
589 1504 746 1543 fastidio
786 1504 948 1552 videtur,
992 1504 1023 1543 si
1068 1504 1317 1555 praesidium,
1359 1518 1440 1543 non
1481 1518 1588 1555 prae-

253 1569 412 1620 ponitur
447 1569 538 1608 huic
570 1569 655 1608 urbi
688 1570 760 1608 ista
794 1570 960 1617 colonia,
996 1571 1065 1608 sed
1101 1570 1323 1621 opponitur.
1383 1573 1437 1608 At
1467 1583 1587 1620 quem

253 1636 304 1673 ad
336 1637 500 1674 modum
534 1643 714 1682 armatur,
752 1635 792 1674 di
825 1635 1088 1674 immortales}
1148 1638 1251 1674 Nam
1291 1636 1396 1674 bello
1435 1625 1587 1674 Punico

255 1700 445 1751 quicquid
475 1702 602 1750 potuit
634 1702 780 1751 Capua,
806 1701 933 1751 potuit
964 1701 1047 1751 ipsa
1075 1714 1142 1751 per
1169 1714 1282 1757 sese,
1311 1715 1416 1739 nunc
1446 1715 1585 1740 omnes

256 1766 370 1804 urbes
387 1779 488 1816 quae
504 1766 649 1804 circum
670 1767 847 1815 Capuam
865 1774 955 1804 sunt
976 1780 998 1804 a
1019 1766 1170 1805 colonis
1192 1780 1259 1816 per
1274 1768 1435 1805 eosdem
1453 1766 1585 1805 xviros

255 1831 577 1882 occupabuntur,
608 1832 709 1870 hanc
732 1831 837 1870 enirn
863 1832 915 1870 ob
947 1845 1105 1870 causam
1134 1831 1321 1881 permittit
1349 1831 1432 1882 ipsa
1451 1833 1523 1879 lex,
1546 1831 1586 1869 in

254 1897 387 1936 onmia
414 1911 514 1948 quae
539 1897 659 1936 velint
687 1897 834 1948 oppida
864 1899 1028 1936 colonos
1059 1905 1100 1935 ut
1131 1897 1229 1935 xviri
1260 1899 1460 1937 deducant
1487 1911 1587 1948 quos

254 1962 384 2001 velint.
443 1965 575 2013 Atque
606 1962 665 2001 his
697 1962 848 2002 colonis
877 1976 1012 2013 agrum
1042 1964 1292 2013 Campanum
1320 1971 1357 2002 et
1386 1964 1586 2002 Stellatem

255 2041 438 2078 campum
460 2027 582 2066 dividi
611 2027 730 2067 iubet.
792 2030 885 2066 Non
916 2041 1057 2078 queror
1087 2028 1401 2067 deminutionem
1422 2028 1587 2078 vectiga-

1612 800 1649 823 10

1610 1125 1647 1157 Ι5

1609 1457 1649 1479 20

1608 1784 1646 1817 25

254 2093 360 2139 lium,
380 2107 460 2132 non
477 2093 665 2144 flagitium
688 2093 803 2132 huius
824 2093 994 2132 iacturae
1010 2101 1128 2144 atque
1149 2094 1295 2141 damni,
1319 2094 1585 2144 praetermitto
1605 2107 1648 2139 30

298 2200 318 2228 6
341 2198 446 2229 veteri
465 2198 551 2230 codd.
574 2210 580 2229 τ
604 2209 682 2230 corr.
703 2199 811 2229 Basta
950 2208 983 2228 11
1014 2198 1044 2228 in
1062 2199 1145 2229 urbe
1163 2198 1229 2229 Ee:
1253 2210 1318 2230 om.
1339 2203 1405 2229 cell.
1532 2210 1586 2233 ,12

256 2242 317 2272 suit
334 2253 399 2274 om.
420 2242 452 2272 E
540 2243 658 2283 etiam]
669 2243 752 2282 fort.
771 2242 870 2272 etiam
890 2242 921 2272 in
1037 2252 1074 2281 13
1100 2243 1253 2273 hostibus
1271 2243 1424 2274 externis
1440 2242 1472 2273 E
1545 2254 1587 2272 ρο

257 2285 335 2315 inibi
355 2285 448 2326 esse]
467 2296 541 2317 esse
560 2286 602 2316 ibi
623 2286 705 2326 Lag.
724 2297 746 2324 9
900 2295 940 2324 25
964 2285 1105 2316 coloniis
1123 2284 1168 2316 Er:
1320 2287 1360 2316 28
1385 2293 1417 2317 et
1433 2286 1502 2316 Een
1518 2298 1524 2316 :
1549 2295 1586 2316 ac

256 2333 322 2360 cett.
473 2340 514 2369 29
539 2330 791 2360 diminutionem
810 2328 922 2361 codd.:
947 2339 1026 2360 corr.
1046 2329 1225 2360 Manutms
1371 2341 1413 2370 3ο
1436 2335 1586 2370 praeter-

256 2374 352 2404 mitto
370 2374 437 2405 eG‘:
462 2374 641 2413 praemitto
658 2378 723 2405 cett.
