1747 2620
168 80 196 119 3
216 77 234 109 6
583 74 639 112 M.
671 74 839 112 TVLLI
872 74 1181 113 CICERONIS

214 185 342 224 laesae
358 184 435 224 sint
451 186 683 233 voluntates,
699 198 801 236 quae
822 192 881 224 est
901 198 1091 236 umquam
1107 183 1208 224 iacta
1228 199 1308 225 non
1326 184 1548 237 suspicio—

214 263 316 300 quae
331 258 463 289 tamen
485 252 584 289 solet
605 264 690 289 esse
711 252 933 290 falsa—sed
954 250 1179 290 iracundiae
1193 265 1267 290 vox
1289 258 1355 290 aut
1371 250 1548 290 doloris?

176 324 192 358 7
216 315 268 353 Et
287 316 317 354 is
333 324 391 354 est
407 330 495 354 reus
510 315 693 354 avaritiae
709 316 775 365 qui
793 315 832 354 in
849 315 1045 355 uberrima
1065 330 1105 355 re
1121 324 1233 367 turpe
1250 316 1545 367 compendium,

214 379 253 418 in
271 380 643 419 maledicentissima
659 380 825 428 civitate,
846 380 885 419 in
907 380 1236 431 suspiciosissimo
1253 381 1411 432 negotio
1431 382 1548 420 male-

213 444 364 484 dictum
385 460 517 494 omne,
531 459 612 484 non
634 446 756 484 modo
773 445 921 484 crimen
943 445 1106 497 effugit?
1135 448 1341 485 Praetereo
1362 446 1426 485 illa
1446 460 1548 497 quae

214 512 498 562 praetereunda
540 525 621 550 non
661 519 763 559 sunt,
806 513 957 550 nullum
998 511 1115 550 huius
1158 511 1196 550 in
1236 511 1393 563 privatis
1431 512 1548 551 rebus

213 577 361 614 factum
407 590 583 624 avarum,
621 578 768 614 nullam
810 576 848 615 in
889 591 929 616 re
972 576 1198 627 pecuniaria
1236 577 1544 624 contentionem,

213 643 360 681 nullam
382 642 421 681 in
443 656 483 681 re
504 641 682 680 familiari
704 643 861 681 sordem
883 655 1000 692 posse
1021 642 1193 694 proferri.
1252 643 1408 692 Quibus
1434 642 1548 693 igitur

214 708 377 746 testibus
412 721 485 758 ego
519 709 640 746 hosce
674 721 836 758 possum
870 709 1037 747 refutare
1071 707 1145 746 nisi
1174 708 1317 747 vobis?
1353 708 1564 748 Tmolites.

213 773 277 811 ille
310 772 482 820 vicanus,
520 774 643 812 homo
682 786 764 811 non
802 774 926 812 modo
965 773 1081 813 nobis
1120 775 1190 813 sed
1230 788 1279 813 ne
1317 774 1417 813 inter
1455 788 1546 813 suos

213 839 375 888 quidem
396 846 524 885 notus,
547 851 616 876 vos
641 837 801 877 docebit
823 838 949 888 qualis
970 838 1018 877 sit
1049 840 1089 876 L.
1115 840 1309 878 Flaccus?
1338 853 1456 890 quem
1477 852 1547 879 vos

214 903 548 943 modestissimum
571 904 877 951 adulescentem,
895 903 1120 954 provinciae
1141 904 1334 943 maximae
1355 904 1548 943 sanctissi-

213 982 321 1007 mum
343 968 478 1015 virum,
503 968 617 1008 vestri
639 968 830 1007 exercitus
858 968 1113 1007 fortissimum
1136 969 1311 1017 militem,
1336 969 1546 1020 diligentis-

212 1034 356 1073 simum
396 1035 552 1082 ducem,
594 1034 966 1085 temperatissimum
1005 1036 1177 1084 legatum
1217 1042 1547 1086 quaestoremque

212 1108 491 1150 cognoverunt,
524 1113 644 1150 quem
676 1113 746 1138 vos
781 1107 1006 1149 praesentes
1040 1100 1403 1140 constantissimum
1437 1115 1546 1140 sena-

213 1172 350 1213 torem,
390 1165 647 1204 iustissimum
695 1172 913 1215 praetorem
963 1172 1083 1215 atque
1130 1165 1445 1204 amantissimum
1491 1165 1545 1205 rei

165 1219 193 1258 4
213 1230 395 1282 publicae
420 1230 546 1269 civem
574 1229 786 1268 iudicastis.
848 1232 910 1268 De
934 1230 1078 1280 quibus
1099 1243 1168 1269 vos
1198 1230 1282 1269 aliis
1313 1238 1431 1270 testes
1461 1244 1546 1270 esse

173 1281 192 1313 9
213 1295 377 1343 debetis,
408 1297 459 1334 de
493 1295 548 1333 eis
578 1294 650 1345 ipsi
680 1296 777 1333 alios
806 1296 916 1333 testis
944 1294 1142 1334 audietis?
1190 1297 1242 1334 At
1272 1309 1372 1346 quos
1408 1296 1547 1335 testis?

214 1361 388 1400 Primum
419 1361 560 1408 dicam,
584 1360 623 1399 id
654 1362 762 1411 quod
793 1368 850 1399 est
872 1375 1095 1408 commune,
1121 1362 1322 1410 Graecos3
1358 1375 1437 1400 non
1466 1375 1546 1412 quo

213 1426 362 1465 nationi
397 1426 488 1465 huic
519 1440 591 1477 ego
621 1440 723 1465 unus
761 1427 930 1465 maxime
960 1427 1080 1465 fidem
1114 1427 1313 1477 derogem.
1374 1428 1477 1466 Nam
1513 1426 1543 1465 si

213 1491 300 1543 quis
332 1506 520 1542 umquam
556 1493 606 1531 de
641 1490 782 1530 nostris
818 1491 1046 1531 hominibus
1082 1506 1105 1531 a
1136 1506 1278 1543 genere
1310 1492 1384 1532 isto
1414 1491 1546 1532 studio

211 1571 257 1596 ac
292 1559 493 1597 voluntate
527 1571 608 1596 non
642 1558 857 1596 abhorrens
892 1557 974 1605 fuit,
1010 1572 1074 1597 me
1113 1566 1152 1598 et
1189 1572 1275 1597 esse
1312 1557 1477 1597 arbitror
1508 1566 1546 1596 et

212 1623 334 1674 magis
355 1623 472 1662 etiam
494 1631 577 1662 tum
599 1636 689 1661 cum
712 1624 799 1673 plus
820 1631 900 1661 erat
922 1624 975 1662 oti
998 1624 1127 1663 fuisse.
1189 1625 1267 1662 Sed
1301 1631 1391 1662 sunt
1418 1622 1457 1661 in
1479 1623 1545 1662 illo

212 1702 376 1728 numero
406 1688 517 1727 multi
547 1688 654 1735 boni,
683 1688 801 1735 docti,
834 1690 1040 1739 pudentes,
1069 1688 1135 1739 qui
1166 1690 1216 1727 ad
1247 1690 1323 1727 hoc
1353 1687 1543 1727 iudicium

212 1753 372 1792 deducti
403 1768 482 1791 non
514 1761 614 1799 sunt,
643 1754 754 1791 multi
786 1753 1048 1804 impudentes,
1079 1753 1272 1802 inliterati‚
1302 1756 1416 1801 leves,
1444 1767 1543 1804 quos

211 1818 324 1857 variis
352 1820 402 1857 de
428 1819 554 1857 causis
576 1818 691 1856 video
716 1818 947 1857 concitatos.
1007 1821 1155 1857 Verum
1186 1826 1317 1857 tamen
1348 1819 1424 1857 hoc
1454 1818 1544 1857 dico

212 1885 263 1922 de
279 1891 363 1922 toto
381 1898 522 1934 genere
545 1885 784 1922 Graecorum
803 1900 809 1923 :
841 1884 970 1922 tribuo
991 1883 1064 1922 illis
1085 1884 1241 1932 litteras,
1260 1885 1312 1922 do
1334 1885 1542 1922 multarum

261 2000 273 2020 1
302 1990 412 2021 laesae
429 1991 494 2021 sint
511 1991 645 2031 scripsi:
672 1990 780 2021 laesas
799 1994 822 2021 Σ
838 2001 844 2020 :
873 1989 983 2021 laesae
1001 1992 1065 2019 cett.
1086 1989 1166 2029 (tam
1186 1988 1299 2019 multis
1317 1988 1471 2024 decretis,
1494 1994 1544 2019 tot

214 2034 300 2064 hom.
320 2039 401 2073 grat.
422 2034 512 2065 laesa
530 2035 705 2065 voluntate
725 2033 829 2073 Koch)
987 2044 1005 2071 4
1031 2033 1165 2063 civitate
1191 2032 1404 2063 maledictum
1431 2042 1540 2066 omne.

214 2079 246 2107 in
264 2078 547 2117 suspiciosissimo
567 2078 701 2117 negotio
719 2087 854 2108 omnem
873 2076 1097 2116 suspicionem
1112 2075 1300 2106 Lambinus
1387 2086 1408 2115 9
1426 2075 1542 2116 hosce]

215 2122 328 2152 hostes
346 2121 400 2152 Σὺ]
417 2133 422 2153 ;
449 2122 510 2152 hos
531 2127 635 2152 testes
649 2122 728 2161 Jeep
797 2121 835 2151 T.
858 2121 881 2151 l.
898 2121 1034 2151 molitos
1048 2123 1093 2150 2.-
1117 2120 1154 2149 Τ.
1173 2119 1305 2150 molites
1324 2130 1358 2149 c:
1385 2119 1542 2149 timolites

213 2169 276 2196 cell.
296 2176 302 2194 :
326 2176 402 2197 corr.
425 2166 599 2196 lllunnlt'us
774 2175 811 2194 10
835 2164 986 2203 vicanus]
1007 2163 1154 2193 Nicenus
1178 2163 1348 2193 Turnebus
1506 2173 1542 2200 14

215 2209 554 2248 temperantissimum
574 2210 603 2242 k,
626 2208 814 2238 Lambinus
951 2218 987 2246 15
1013 2211 1201 2245 cognorunt
1216 2207 1366 2237 Faernus
1381 2206 1547 2247 *s‘froplcr

213 2263 393 2283 numerum
408 2253 440 2292 Ἴ.
479 2252 526 2291 Cf.
538 2252 702 2289 Zielinski,
715 2257 815 2292 p-143
920 2252 958 2281 16
975 2255 1076 2289 atque
1091 2261 1154 2280 om.
1169 2251 1189 2285 i,
1200 2250 1265 2280 cod.
1288 2250 1465 2280 Torrentt't':
1482 2249 1540 2280 dcl.

212 2296 365 2326 l·‘ac›71us
482 2306 517 2334 17
544 2296 750 2326 iudicavistis
768 2306 808 2333 χε
935 2295 972 2324 18
998 2294 1036 2324 iis
1054 2295 1082 2331 k,
1103 2293 1151 2323 cd.
1173 2294 1228 2323 R:
1253 2293 1304 2323 his
1321 2296 1385 2323 cell.
1503 2304 1541 2330 24

215 2340 401 2380 prudentes
417 2339 504 2370 codd.
526 2351 532 2370 z
556 2350 633 2370 corr.
654 2338 841 2379 Naugerius
859 2338 909 2378 (ε)
1043 2347 1082 2376 25
1109 2337 1337 2376 imprudentes
1354 2336 1442 2376 Βχς

1572 788 1606 809 10

1569 1114 1605 1147 15

1568 1440 1607 1462 20
