1716 2662
131 785 168 808 10

128 1439 168 1461 20

511 73 624 112 PRo
653 73 696 110 L.
729 72 948 111 FLAcco
978 72 1196 110 ORA‘r1o
1462 82 1517 119 29
1539 84 1578 120 71

189 182 367 221 libertate
395 182 554 231 gaudes.
614 183 695 220 Cur
715 194 806 231 ergo
834 194 934 218 unus
962 187 1004 218 tu
1031 180 1356 230 Apollonidensis
1386 194 1519 219 aman-

189 245 359 285 tissimos
408 245 542 296 populi
593 245 775 291 Romani,
817 244 1066 283 fidelissimos
1115 244 1256 293 socios,
1298 245 1517 285 miseriores

189 312 310 350 habes
339 325 458 362 quam
487 318 555 348 aut
585 310 835 349 Mithridates
873 317 941 348 aut
974 310 1091 348 etiam
1121 318 1231 361 pater
1259 319 1349 349 tuus
1380 311 1518 350 habuit

189 378 407 428 umquam?
464 378 544 416 Cur
570 376 630 414 his
662 390 730 426 per
754 383 792 414 te
823 375 893 413 frui
927 375 1104 415 libertate
1134 390 1214 424 sua,
1246 390 1314 415 cur
1344 377 1517 427 denique

188 456 272 481 esse
293 442 436 480 liberos
457 455 536 480 non
558 441 680 480 licet?
738 440 937 479 Homines
967 449 1058 479 sunt
1085 449 1167 479 tota
1195 455 1242 480 ex
1270 441 1365 480 Asia
1394 444 1518 493 fruga-

187 507 333 555 lissimi,
363 506 608 553 sanctissimi,
640 520 663 545 a
693 508 933 545 Graecorum
962 505 1112 545 luxuria
1142 514 1179 545 et
1209 506 1364 545 levitate
1396 521 1517 546 remo-

187 573 337 621 tissimi,
378 581 506 624 patres
546 571 711 610 familias
750 585 822 610 suo
861 571 1051 620 contenti,
1085 579 1270 620 aratores,
1303 572 1517 621 rusticani3

187 653 298 690 agros
332 640 481 678 habent
514 646 552 677 et
586 646 724 677 natura
757 638 955 689 perbonos
990 646 1028 677 et
1050 638 1252 689 diligentia
1285 640 1517 689 culturaque

189 704 379 744 meliores.
430 706 479 743 In
499 703 607 742 hisce
627 703 726 754 agris
748 712 789 742 tu
814 703 972 755 praedia
993 704 1138 742 habere
1158 703 1325 742 voluisti.
1381 704 1515 744 Omni-

187 783 242 809 no
286 771 456 817 mallem,
492 776 532 808 et
571 769 694 820 magis
738 777 818 808 erat
857 778 979 817 tuum,
1016 769 1047 808 si
1087 769 1164 807 iam
1203 777 1241 807 te
1280 769 1397 808 crassi
1436 769 1514 820 agri

187 835 447 883 delectabant,
484 835 549 874 hic
586 835 730 874 alicubi
766 835 806 873 in
841 834 1097 874 Crustumino
1136 842 1202 873 aut
1241 834 1281 873 in
1322 835 1512 886 Capenati

186 900 411 952 paravisses.
479 902 627 938 Verum
676 908 785 948 esto;
834 899 996 939 Catonis
1035 908 1093 938 est
1131 900 1282 939 dictum
1325 900 1513 950 ‘pedibus
1536 912 1574 945 72

185 965 432 1016 compensari
449 965 682 1016 pecuniam]
732 967 868 1015 Longe
884 964 1048 1003 omnino
1068 979 1091 1003 a
1111 964 1244 1004 Tiberi
1261 966 1312 1003 ad
1335 964 1511 1012 Caicum,

186 1045 266 1081 quo
287 1030 325 1068 in
347 1033 436 1070 loco
465 1031 582 1069 etiam
612 1033 890 1081 Agamemnon
921 1045 1012 1069 cum
1041 1030 1212 1069 exercitu
1243 1038 1415 1077 errasset,
1440 1029 1514 1068 nisi

186 1096 327 1134 ducem
368 1097 590 1146 Telephum
631 1095 854 1134 invenisset.
927 1097 1006 1135 Sed
1045 1097 1225 1135 concedo
1255 1095 1295 1134 id
1326 1109 1513 1146 quoque3

186 1160 331 1211 placuit
361 1160 564 1212 oppidum,
587 1161 692 1211 regio
717 1161 937 1200 delectavit.
998 1161 1183 1200 Emisses.
1242 1163 1434 1211 Amyntas
1455 1169 1512 1200 est
1532 1168 1585 1206 30

185 1239 338 1276 genere,
371 1227 532 1273 honore,
555 1226 853 1273 existimatione,
887 1226 1055 1277 pecunia
1084 1226 1265 1277 princeps
1296 1226 1398 1265 illius
1426 1226 1515 1264 civi-

186 1290 286 1329 tatis.
345 1291 476 1330 Huius
498 1305 665 1339 socrum,
689 1291 892 1330 mulierem
916 1291 1102 1330 imbecilli
1124 1291 1274 1339 consili,
1298 1291 1389 1330 satis
1411 1293 1514 1330 locu-

188 1357 343 1406 pletem,
364 1356 520 1407 pellexit
544 1356 742 1395 Decianus
763 1358 813 1395 ad
835 1371 919 1395 sese
946 1365 998 1404 et,
1024 1370 1114 1395 cum
1137 1356 1200 1394 illa
1221 1356 1317 1406 quid
1337 1365 1514 1407 ageretur

187 1420 364 1468 nesciret,
399 1421 438 1459 in
478 1421 726 1472 possessione
765 1422 1013 1472 praediorum
1054 1421 1137 1460 eius
1175 1422 1362 1459 familiam
1402 1436 1513 1460 suam

187 1486 434 1534 conlocavit;
487 1501 646 1525 uxorem
695 1487 857 1525 abduxit
903 1487 954 1525 ab
1002 1489 1174 1536 Amynta
1220 1494 1511 1537 praegnantem,

187 1564 287 1600 quae
321 1551 470 1601 peperit
503 1553 609 1602 apud
643 1551 864 1590 Decianum
900 1552 1031 1599 filiam,
1068 1552 1267 1602 hodieque
1297 1553 1403 1602 apud
1438 1554 1513 1591 De—

187 1615 344 1653 cianum
379 1624 436 1654 est
470 1624 507 1654 et
542 1630 638 1655 uxor
669 1618 864 1667 Amyntae
894 1625 932 1655 et
961 1616 1050 1655 filia.
1109 1618 1216 1655 Num
1249 1616 1345 1666 quid
1374 1618 1511 1654 harum
1535 1630 1573 1666 73

188 1694 314 1719 rerum
336 1695 359 1719 a
380 1695 442 1720 me
464 1681 629 1732 fingitur,
650 1681 858 1720 Deciane?
915 1681 1050 1720 Sciunt
1071 1682 1168 1719 haec
1189 1695 1326 1719 omnes
1348 1681 1510 1728 nobiles,

189 1745 316 1784 sciunt
348 1746 441 1785 boni
474 1746 552 1793 viri,
586 1747 714 1785 sciunt
741 1747 914 1797 denique
943 1746 1026 1785 noti
1056 1746 1248 1793 homines,
1280 1746 1407 1785 sciunt
1437 1760 1514 1785 me-

187 1811 340 1851 diocres
371 1813 644 1864 negotiatores.
702 1815 886 1864 Exsurge,
910 1815 1094 1862 Amynta,
1121 1821 1253 1863 repete
1282 1826 1305 1850 a
1335 1812 1513 1851 Deciano

186 1890 266 1915 non
297 1878 516 1928 pecuniam,
547 1892 626 1916 non
657 1878 826 1928 praedia,
856 1892 1011 1916 socrum
1041 1877 1213 1927 denique
1243 1877 1316 1916 sibi
1346 1878 1512 1924 habeat3

187 1941 361 1980 restituat
401 1956 571 1989 uxorem,
613 1943 751 1981 reddat
790 1942 931 1981 misero
979 1941 1076 1992 patri
1124 1941 1256 1979 filiam.
1329 1943 1512 1980 Membra

184 2008 343 2056 quidem,
380 2021 480 2057 quae
515 2006 731 2046 debilitavit
766 2006 973 2057 lapidibus,
1010 2006 1188 2054 fustibus,
1225 2008 1336 2053 ferro,
1372 2020 1511 2045 manus

233 2123 242 2141 1
275 2110 445 2151 libertate]
465 2110 599 2142 levitate
619 2111 648 2142 ς’
735 2110 1001 2151 Apollonienses
1019 2109 1107 2141 codd.
1128 2121 1134 2139 ε
1159 2120 1234 2141 corr.
1255 2109 1442 2150 Naugerius
1462 2111 1511 2149 (2)

186 2167 204 2186 ε.)
230 2154 511 2193 fidelissimosque
536 2153 724 2185 Lambmus
878 2165 895 2192 4
922 2153 960 2184 iis
985 2153 1100 2183 Bailcr
1242 2164 1261 2192 5
1286 2164 1360 2184 esse
1387 2153 1510 2184 liberos

186 2210 249 2229 non
270 2198 323 2235 χεῖ
341 2209 347 2227 :
371 2198 493 2228 liberos
512 2209 578 2228 non
598 2209 674 2228 esse
693 2202 738 2229 Στ
770 2208 844 2228 esse
871 2208 934 2228 non
961 2197 1082 2227 liberos
1102 2196 1119 2225 b
1231 2208 1271 2227 ex
1291 2208 1355 2227 om.
1376 2199 1429 2235 χέ’.
1450 2198 1509 2228 dcl.

184 2243 297 2273 Baiter
467 2252 504 2272 10
529 2247 560 2272 et
578 2241 698 2283 magis]
718 2242 823 2280 magis
840 2240 897 2280 ΒΧ
1018 2245 1089 2271 erat
1108 2246 1213 2271 tutum
1233 2242 1291 2271 sed
1311 2246 1342 2270 te
1360 2241 1462 2271 crassi
1481 2242 1511 2272 5*

185 2286 247 2316 iam
266 2295 331 2315 om.
352 2284 380 2313 [2¹
507 2295 544 2323 13
572 2285 687 2326 longe]
705 2285 804 2323 longe
821 2290 871 2314 est
890 2284 1003 2314 Baiter
1120 2295 1159 2322 24
1186 2285 1266 2315 haec
1285 2289 1332 2324 Σχ
1351 2295 1356 2314 :
1382 2285 1443 2315 hoe
1461 2285 1510 2316 [ις

184 2339 225 2368 25
251 2328 319 2360 noti
336 2328 466 2368 scripsi:
494 2328 601 2359 nostri
619 2327 706 2359 codd.
729 2329 780 2369 (cs.
803 2330 839 2366 ἐξ
858 2329 889 2367 8,
908 2329 964 2368 52)
1146 2338 1188 2367 29
1212 2329 1345 2368 quidem
1364 2329 1512 2369 supplevi

185 2374 275 2410 (narn
297 2372 442 2403 membra
459 2372 659 2413 Naugerius)
