1716 2662
487 91 546 128 IN
580 91 622 128 L.
655 90 904 129 PISONEM
936 91 1152 129 ORATIO
1434 87 1490 135 36
1511 94 1550 135 87

163 199 402 251 praefuisset.
468 200 606 250 Quid?
635 200 862 251 vectigalem
885 201 1021 251 populi
1043 200 1217 238 Romani
1234 198 1487 250 provinciam,

164 265 324 315 singulis
369 265 485 305 rebus
524 279 799 316 quaecumque
838 265 1014 304 venirent
1055 272 1161 303 certo
1200 263 1373 314 portorio
1423 262 1491 301 im-

163 329 302 381 positO,
325 343 476 368 servam
504 329 579 368 tuis
608 329 828 381 publicanis
854 343 877 368 a
897 337 934 367 te
960 330 1102 367 factam
1133 342 1217 367 esse
1250 327 1491 366 meministi?

164 393 306 442 Quid?
339 394 578 432 centuriatus
612 395 740 444 palam
772 394 964 440 venditos,
996 393 1125 443 quid?
1169 407 1236 443 per
1273 400 1383 431 tuum
1417 406 1490 431 ser-
1510 395 1550 425 88

127 474 143 504 5
163 460 295 497 volum
326 459 484 498 ordines
512 458 749 509 adsignat05‚
773 458 903 509 quid?
929 457 1171 508 stipendium
1207 458 1394 496 militibus
1423 471 1492 508 per

164 523 292 562 omnis
330 537 455 562 annos
493 538 516 562 a
554 523 775 562 civitatibus
816 522 959 561 mensis
1000 524 1129 573 palam
1166 523 1374 573 propositis
1406 537 1491 561 esse

164 591 444 627 numeratum?
483 588 612 639 quid?
650 588 715 626 illa
748 588 787 626 in
823 590 994 627 Pontum
1029 588 1219 638 profectio
1255 596 1293 627 et
1327 596 1491 626 conatus

163 661 266 701 tuus,
287 653 413 704 quid?
440 653 660 693 debilitatio
684 662 802 704 atque
828 653 997 692 abiectio
1024 653 1146 692 animi
1167 654 1221 692 tui
1253 653 1492 692 Macedonia

163 719 356 770 praetoria
385 719 573 767 nuntiata,
607 733 697 758 cum
727 727 768 758 tu
797 732 876 758 non
904 721 1031 758 solum
1062 721 1167 770 quod
1205 719 1275 758 tibi
1310 720 1493 758 succede-

106 798 145 820 ιο
165 793 269 823 retur
306 786 376 823 sed
415 786 524 835 quod
563 784 736 824 Gabinio
774 798 855 823 non
895 786 1171 823 succederetur
1211 784 1415 834 exsanguis
1453 792 1492 824 et

165 858 341 888 mortuus
371 849 589 897 concidisti,
612 850 741 900 quid?
775 858 959 900 quaestor
988 849 1176 889 aediliciis
1209 849 1359 888 reiectis
1387 863 1493 899 prae-

164 915 325 965 positus,
347 916 563 966 legatorum
591 922 747 954 tuorum
775 914 948 966 optimus
975 916 1045 954 abs
1068 923 1105 953 te
1127 914 1293 965 quisque
1313 914 1489 962 violatus,

164 979 309 1020 tribuni
339 980 523 1019 militares
553 994 635 1020 non
664 979 820 1031 recepti,
854 982 910 1018 M.
935 979 1116 1027 Baebius,
1145 979 1201 1018 vir
1230 979 1349 1025 fortis,
1381 980 1493 1018 inter-

163 1046 288 1084 fectus
326 1045 433 1084 iussu
472 1047 577 1084 tuo?
652 1045 761 1095 Quid
801 1046 910 1096 quod
949 1053 990 1083 tu
1030 1044 1172 1084 totiens
1218 1044 1400 1084 diffidens
1447 1058 1493 1084 ac
1513 1051 1554 1092 89

107 1125 142 1157 ¹5
163 1112 375 1162 desperans
395 1111 511 1149 rebus
533 1110 608 1149 tuis
629 1110 668 1148 in
690 1110 882 1158 sordibus,
900 1110 1082 1149 lamentis
1112 1112 1300 1161 luctuque
1329 1109 1492 1157 iacuisti,

164 1177 272 1227 quod
310 1176 488 1227 populari
527 1175 581 1214 illi
616 1175 809 1215 sacerdoti
849 1184 1049 1215 sescentos
1088 1177 1138 1215 ad
1169 1175 1312 1214 bestias
1344 1175 1493 1214 amicos

163 1241 371 1291 sociosque
406 1240 555 1288 misisti,
586 1242 705 1291 quod,
737 1255 827 1279 cum
870 1248 1087 1279 sustentare
1122 1240 1183 1278 vix
1220 1254 1354 1290 posses
1393 1254 1494 1279 mae-

163 1320 288 1345 rorem
332 1314 442 1344 tuum
495 1307 753 1356 doloremque
800 1305 1051 1352 decessionis,
1098 1305 1407 1345 Samothraciam
1457 1314 1494 1344 te

163 1371 345 1421 primum,
381 1379 469 1422 post
508 1371 600 1409 inde
632 1373 809 1410 Thasum
843 1385 931 1410 cum
966 1371 1041 1410 tuis
1075 1371 1216 1410 teneris
1246 1371 1493 1410 saltatoribus

106 1453 145 1477 20
164 1443 203 1474 et
233 1449 322 1474 cum
351 1436 566 1483 Autobulo,
596 1437 846 1481 Athamante,
869 1436 1059 1482 Timocle‚
1091 1435 1269 1475 formosis
1300 1435 1489 1482 fratribus,

164 1500 375 1547 contulisti,
399 1502 507 1550 quod
533 1501 624 1540 inde
655 1509 692 1540 te
722 1501 913 1552 recipiens
944 1501 982 1539 in
1013 1502 1102 1539 villa
1130 1501 1369 1548 Euchadiae,
1392 1515 1493 1551 quae

165 1566 235 1604 fuit
266 1580 361 1605 uxor
392 1566 582 1613 Execesti,
606 1566 757 1606 iacuisti
780 1581 956 1606 maerens
977 1566 1126 1616 aliquot
1147 1566 1231 1605 dies
1257 1574 1375 1616 atque
1400 1566 1492 1605 inde

164 1632 366 1670 obsoletus
405 1628 955 1671 Thessalonicam*omnibus
996 1631 1252 1670 inscientibus
1293 1638 1491 1681 noctuque

164 1696 317 1744 venisti,
344 1698 463 1746 quod,
487 1710 576 1735 cum
607 1711 842 1736 concursum
874 1696 1110 1747 plorantium
1140 1710 1185 1734 ac
1218 1704 1490 1746 tempestatem

106 1778 144 1809 25
164 1763 410 1811 querelarum
438 1763 534 1800 ferre
564 1775 644 1800 non
674 1775 819 1811 posses,
845 1761 883 1800 in
905 1761 1096 1812 oppidum
1118 1761 1275 1800 devium
1299 1763 1488 1799 Beroeam

164 1826 404 1877 profugisti?
451 1840 532 1876 quo
563 1826 602 1865 in
637 1826 786 1877 oppido
821 1841 910 1865 cum
945 1826 1015 1865 tibi
1050 1839 1119 1877 spe
1151 1827 1256 1872 falsa,
1290 1827 1397 1876 quod
1437 1827 1487 1874 Q.

214 1941 225 1961 1
246 1931 360 1971 populi
380 1930 523 1961 Romani
544 1930 612 1970 gie.
632 1932 715 1970 p.r.‘·:
736 1931 905 1970 supslcvt':
930 1931 966 1970 cf
988 1929 1079 1962 Rull.
1098 1931 1129 1962 ii.
1147 1932 1187 1968 64
1321 1939 1340 1968 3
1357 1940 1488 1960 servam

167 1975 296 2014 scn'pst':
324 1975 432 2004 servis
448 1974 538 2004 codd.
649 1974 837 2013 publicanis
857 1974 915 2004 del.
934 1974 1025 2004 Bake
1156 1974 1275 2004 factam
1301 1980 1376 2010 εφῑς
1402 1973 1490 2003 sacta

166 2018 212 2048 E:
250 2018 369 2048 sactum
387 2021 450 2048 cett.
632 2028 664 2048 11
691 2018 865 2048 aedilicius
890 2019 1035 2048 reiectus
1059 2017 1174 2048 codd.:
1198 2026 1275 2047 corr.
1299 2016 1491 2046 Gulielmius

172 2063 209 2091 16
225 2062 265 2091 ad
279 2061 401 2091 bestias
412 2060 523 2091 socios
535 2060 839 2100 stipendiariosque
853 2061 968 2092 misisti
982 2061 1148 2091 Asconius
1230 2070 1266 2098 17
1285 2060 1371 2099 quod
1387 2058 1489 2089 Gara-

168 2105 256 2135 tom':
291 2105 368 2143 quid
398 2104 493 2135 Ee‘2‘:
529 2105 608 2144 quid
635 2106 723 2144 quod
749 2108 813 2135 catl.
954 2105 991 2134 18
1017 2103 1227 2135 decessionis
1253 2103 1272 2140 i,
1303 2103 1489 2143 “Itzgcl1'115:

167 2148 398 2178 descensionis
428 2147 583 2187 (discess-
607 2149 651 2187 θ’)
676 2152 740 2178 cett.
859 2157 895 2186 19
921 2152 996 2187 post
1025 2147 1101 2177 inde
1128 2147 1174 2185 gin
1199 2146 1241 2177 ς’,
1269 2145 1379 2184 Εψς;
1414 2146 1490 2176 inde

167 2195 229 2221 cell.
357 2191 506 2222 tharsum
523 2190 631 2222 codd:
656 2202 734 2222 corr.
760 2191 928 2221 Turnebus
1074 2200 1115 2220 ρο
1132 2189 1305 2220 Autobulo
1321 2188 1373 2218 E:
1397 2192 1489 2219 anto-

168 2234 245 2265 bulo
270 2238 333 2264 ceu.
480 2234 701 2275 Athamante]
732 2238 765 2264 et
791 2234 865 2264 add.
897 2232 998 2272 codd„
1029 2232 1086 2264 del.
1118 2232 1256 2272 Maa'mg
1364 2232 1489 2262 timode

168 2277 256 2308 codd.
274 2289 280 2307 z
304 2288 381 2307 corr.
399 2277 577 2307 Beroaldus
644 2287 680 2307 21
698 2278 786 2316 quod
809 2277 885 2308 inde
905 2277 1086 2308 Garatoni:
1118 2276 1195 2316 quid
1213 2284 1287 2307 cum
1301 2274 1377 2306 inde
1398 2275 1488 2314 y'quid

165 2321 254 2360 quod
272 2331 344 2351 cum
364 2320 410 2359 E)
429 2320 516 2352 codd.
609 2331 648 2350 22
673 2321 815 2359 exegisti
832 2320 915 2351 codd
941 2332 946 2350 :
971 2332 1048 2350 (mr.
1070 2319 1229 2350 Garatoni
1338 2329 1376 2356 24
1403 2318 1489 2357 quod

166 2375 237 2395 cum
256 2363 444 2395 Lambinus
463 2376 469 2394 :
493 2364 547 2403 qui
565 2375 637 2395 cum
656 2363 743 2396 codd.
881 2367 923 2395 26
949 2363 1126 2404 profugisti
1140 2363 1203 2395 Ee:
1230 2363 1404 2403 perfugisti
1421 2365 1488 2393 cclt.
