1716 2662
623 67 944 106 PRAEFATIO

167 177 241 208 Has
260 182 390 216 septem
411 176 456 208 M.
474 175 574 207 Tullii
598 176 779 213 orationes,
799 185 885 214 quae
905 178 1004 204 antea
1024 173 1120 213 culpa
1140 177 1333 211 temporum
1355 173 1442 212 apud

125 221 226 251 Italos
258 221 453 260 deperditae
485 225 590 259 erant,
626 219 774 258 Poggius
812 217 1036 255 florentinus,
1070 216 1263 256 perquisitis
1293 216 1442 254 plurimis

123 264 252 294 Galliae
278 263 547 302 Germaniaeque
571 272 701 293 summo
726 273 797 294 cum
824 261 935 292 studio
959 270 996 290 ac
1021 259 1194 299 diligentia
1218 258 1441 299 bibliothecis,

124 317 198 337 cum
228 307 372 337 latentes
401 307 620 346 comperisset
647 305 681 336 in
709 305 865 345 squalore
894 309 927 334 et
955 303 1117 341 sordibus,
1148 303 1180 333 in
1211 302 1317 332 lucem
1352 303 1443 332 solus

124 349 243 381 extulit
259 361 296 381 ac
315 351 347 381 in
365 350 540 389 pristinam
558 349 755 388 dignitatem
773 349 955 379 restituens
975 347 1105 377 Latinis
1123 346 1228 376 Musis
1245 345 1376 376 dicavit.

179 418 307 467 Ipsius
329 415 463 466 Poggii
486 417 534 454 de
555 429 596 454 se
615 416 825 465 gloriantis,
847 413 920 452 nisi
942 414 1061 460 fallor,
1086 413 1204 451 verba
1224 420 1324 451 sunt.

178 482 241 520 Ad
262 481 478 519 orationem
501 480 665 530 primam
688 488 824 518 contra
846 480 1010 517 Rullum
1031 478 1070 515 in
1091 479 1263 528 margine
1287 478 1445 516 adnota-

126 554 208 584 tum
229 554 310 584 est:
327 546 337 566 ¹

170 621 207 651 In
226 621 370 660 quodam
385 621 523 659 antiquo
536 620 705 651 volumine
718 619 878 650 deficiunt
891 619 956 650 due
969 619 1084 649 charte
1101 618 1134 648 in
1149 617 1326 658 principio,
1343 627 1445 656 quare

125 665 188 695 hoc
205 675 272 695 non
292 669 341 695 est
358 664 556 704 principium
577 664 750 695 orationis.

181 731 244 769 Ad
265 731 479 768 secundam
501 729 541 768 in
563 730 735 778 margine
755 730 987 768 adnotatum
1006 728 1038 766 :²

170 806 217 836 IN
235 805 420 845 exemplari
437 806 664 837 uetustissimo
683 806 745 836 hoc
764 810 833 836 erat
852 805 885 834 in
903 803 1063 842 margine.

171 849 356 880 Emendaui
391 849 432 879 ad
466 853 621 888 tyronem
659 854 692 879 et
730 849 759 888 le
795 848 1045 878 laeccanianum
1083 851 1157 877 acta
1189 846 1262 886 ipso
1294 846 1447 876 cicerone

127 897 161 923 et
177 894 318 923 antonio
335 893 430 923 cossi.
452 893 558 923 oratio
577 902 688 923 xxnn.

171 935 208 966 In
227 936 382 975 exemplo
401 936 448 966 sic
465 936 537 966 suit.

172 979 324 1010 Statilius
341 979 505 1010 maximus
524 981 619 1010 rursu
637 978 814 1009 emendaui
832 979 872 1008 ad
892 978 1036 1008 tironem
1053 982 1086 1008 et
1103 977 1142 1015 le.

170 1022 419 1054 laeccanianurn
437 1027 470 1053 et
489 1023 573 1053 dom.
592 1026 626 1052 et
643 1022 726 1052 alios
743 1026 874 1052 ueteres
892 1031 942 1052 111.

1139 1063 1256 1094 Oratio
1273 1062 1404 1094 eximia.

182 1133 230 1170 In
251 1133 324 1170 hac
344 1131 629 1182 subscriptione
651 1138 811 1170 testatur
832 1130 1003 1169 Statilius
1029 1129 1239 1176 Maximus,
1262 1141 1448 1178 gramma-

127 1196 226 1234 ticus
247 1194 389 1233 saeculi
412 1194 585 1243 secundi,
609 1194 719 1233 cuius
741 1195 970 1244 Singularia
994 1194 1044 1232 de
1067 1191 1241 1240 Catonis,
1264 1190 1446 1238 Sallustii,

128 1259 329 1300 Ciceronis
368 1273 549 1298 sermone
588 1261 720 1298 laudat
755 1258 984 1305 Charisius?
1017 1272 1058 1297 se
1092 1259 1194 1296 hanc
1233 1255 1448 1295 orationem

127 1325 358 1363 emendasse
379 1338 454 1374 ope
471 1338 536 1363 sex
556 1324 751 1370 codicum,
775 1337 795 1362 e
812 1323 955 1373 quibus
977 1336 1097 1361 unum
1121 1320 1334 1361 Tironiana
1359 1335 1450 1359 cura

127 1396 357 1438 correctum,
377 1391 541 1427 alterum
563 1389 758 1436 Laecanii,
782 1390 937 1427 tertium
959 1387 1111 1427 domini
1131 1387 1191 1426 sui
1207 1386 1323 1426 fuisse
1340 1386 1446 1434 dicit,

127 1454 223 1493 alios
258 1462 334 1493 tres
368 1455 562 1492 ‘veteres’
595 1461 745 1492 tantum
782 1455 962 1503 appellat.
1023 1454 1181 1491 Erraret
1211 1453 1387 1502 profecto
1418 1451 1449 1490 si

128 1518 214 1568 quis
242 1526 393 1568 putaret
418 1518 651 1568 singularem
673 1519 873 1568 quandam
901 1518 1235 1556 necessitudinem
1265 1516 1365 1554 inter
1391 1530 1451 1555 ex-

129 1584 275 1633 emplar
302 1582 548 1622 Statilianum
575 1591 613 1622 et
639 1583 818 1622 codicem
848 1596 870 1621 a
895 1582 1043 1633 Poggio
1072 1590 1266 1632 repertum
1293 1581 1452 1620 interce-

129 1649 247 1686 dere:
286 1660 423 1686 omnes
451 1647 555 1685 enim
586 1648 743 1686 codices
773 1660 820 1686 ex
850 1648 990 1686 eodem
1018 1648 1240 1696 archetypo,
1268 1645 1308 1684 id
1342 1653 1400 1684 est
1431 1659 1452 1684 e

129 1712 228 1751 libro
268 1712 407 1750 Statilii
444 1725 535 1750 cura
574 1713 796 1760 emendato,
832 1712 988 1751 fluxisse
1021 1724 1251 1750 communes
1289 1713 1452 1749 lacunae

130 1777 307 1827 probant.
367 1776 681 1827 Subscriptiones
716 1779 824 1824 duas,
859 1777 1035 1816 eiusdem
1069 1776 1212 1815 laboris
1245 1783 1374 1823 testes,
1410 1775 1449 1814 in

130 1842 269 1881 codice
290 1855 407 1891 quem
430 1840 579 1880 invenit
602 1842 771 1892 Poggius
792 1841 982 1880 exstitisse
1004 1842 1252 1879 manifestum
1275 1848 1343 1879 est.

186 1908 248 1946 De
268 1906 326 1945 his
348 1906 507 1956 quidem
529 1907 771 1945 orationibus
793 1908 992 1945 haetenus.
1043 1905 1172 1944 Venio
1193 1907 1243 1944 ad
1264 1919 1328 1944 eas
1349 1918 1450 1955 quae

131 1972 170 2008 in
190 1973 243 2009 M
261 1971 541 2019 desiderantur,
560 1972 599 2009 in
613 1971 755 2021 quibus
772 1971 881 2021 quasi
899 1971 1051 2021 ἔφεδρος
1066 1971 1107 2008 fit
1126 1972 1235 2008 Laur.
1257 1972 1452 2008 XLVIII.

133 2039 193 2083 26,
216 2049 332 2086 quem
361 2035 401 2073 in
428 2035 487 2074 his
514 2035 639 2074 littera
669 2037 815 2075 maiore
838 2036 1020 2086 dignatus
1048 2040 1080 2073 Ω
1106 2037 1273 2086 appello.
1335 2034 1450 2075 Codi-

173 2111 185 2131 ¹
212 2112 261 2142 Ita
279 2111 373 2142 multi
391 2111 533 2142 codices.

175 2155 188 2175 ²
214 2155 262 2186 Ita
279 2155 377 2185 codd.
398 2165 484 2193 msw,
504 2155 564 2185 sed
581 2165 608 2186 v,
627 2165 645 2184 2
663 2155 741 2186 laet·
756 2166 792 2194 s;
816 2166 845 2187 v.
865 2165 884 2194 3
903 2165 993 2186 cons.
1011 2167 1046 2192 ω,
1064 2165 1149 2186 coss.
1168 2165 1193 2191 s,
1214 2165 1281 2185 cos.
1302 2165 1356 2192 m;
1382 2165 1411 2185 v.
1433 2164 1451 2193 5

133 2204 287 2237 tyronem
302 2209 395 2234 msw;
419 2208 446 2228 v.
459 2199 480 2227 6
493 2201 622 2229 laecan-
635 2209 705 2235 ηιω,
721 2199 842 2230 lactan.
853 2209 869 2230 s
885 2210 892 2230 :
912 2199 1013 2230 verba
1031 2199 1134 2228 oratio
1151 2197 1271 2229 eximia
1288 2198 1452 2238 prioribus

134 2242 329 2273 continuant
350 2252 436 2272 msa).

176 2284 190 2306 ⁸
213 2284 295 2316 Imt.
317 2284 431 2316 Gram.
451 2284 485 2315 ii.
508 2294 556 2324 14.

773 2352 811 2378 lx
