1716 2662
499 66 609 105 PRO
639 66 683 105 L.
716 65 935 105 FLACCO
965 66 1182 105 ORATIO
1450 75 1501 113 32
1520 71 1563 103 80

174 173 365 212 iniuriam.
428 173 606 214 Possidet
627 174 732 213 enim
754 188 798 213 ea
820 174 1016 224 mancipia
1033 177 1234 224 Amyntas.
1293 177 1353 214 Ac
1374 176 1501 226 primo

173 239 334 289 quidem
352 240 559 290 pertimuit,
579 253 669 278 cum
691 248 728 278 te
748 240 921 278 audisset
943 253 1073 278 servos
1095 253 1186 279 suos
1207 254 1292 279 esse
1313 254 1502 290 censum3

172 303 318 343 rettulit
338 306 388 343 ad
411 304 501 342 iuris
521 306 732 343 consultos.
794 305 1013 344 Constabat
1035 304 1134 343 inter
1158 305 1296 353 omnis,
1321 306 1352 344 si
1372 306 1501 346 aliena

172 370 372 408 censendo
408 369 606 408 Decianus
637 383 707 408 sua
739 372 865 408 facere
897 377 1039 420 posset,
1074 384 1163 408 eum
1196 371 1365 409 maxima
1393 371 1501 410 habi-

132 447 149 479 5
171 441 300 472 turum
327 447 422 473 esse.
447 466 454 473 .
478 465 484 472 .
509 465 516 472 .
578 434 746 474 Habetis
777 449 935 473 causam
958 434 1260 483 inimicitiarum,
1284 449 1361 486 qua
1381 450 1497 476 causa
1517 423 1568 462 33

170 499 433 538 inflammatus
465 499 663 538 Decianus
692 502 743 539 ad
775 500 952 539 Laelium
982 500 1164 539 detulerit
1193 502 1294 540 hanc
1323 501 1497 552 opimam
1518 476 1555 505 81

168 564 472 603 accusationem.
532 566 636 603 Nam
667 564 719 603 ita
749 573 910 615 questus
938 572 996 604 est
1028 565 1196 614 Laelius,
1217 579 1307 604 cum
1337 568 1387 605 de
1416 580 1498 617 per-

169 630 262 668 fidia
284 629 447 668 Deciani
473 629 641 668 diceret:
678 629 770 680 ‘qui
793 630 887 668 mihi
909 638 1045 669 auctor
1069 630 1151 677 suit,
1175 630 1241 680 qui
1263 644 1421 670 causam
1445 633 1496 671 ad

168 708 232 734 me
261 695 412 742 detulit,
444 708 562 745 quem
591 708 663 744 ego
691 709 777 734 sum
810 703 977 742 secutus,
1002 696 1032 734 is
1062 709 1084 734 a
1118 697 1260 734 Flacco
1291 706 1496 748 corruptus

111 775 148 798 10
167 768 235 808 est,
266 762 296 799 is
325 774 387 799 me
417 760 587 799 deseruit
614 774 659 799 ac
687 761 884 811 prodidit.'
943 761 1072 800 Sicine
1101 769 1141 800 tu
1169 770 1305 800 auctor
1334 765 1494 802 tandem

167 839 256 864 eum
293 826 354 864 cui
387 833 428 864 tu
464 826 503 864 in
533 825 698 864 consilio
729 826 878 874 fuisses,
911 828 1018 877 apud
1046 839 1165 876 quem
1195 827 1323 866 omnis
1352 830 1495 878 gradus

165 890 364 941 dignitatis
395 899 484 929 tuae
513 891 748 938 retinuisses,
773 892 1104 942 pudentissimum
1140 892 1352 940 hominem,
1386 894 1495 932 nobi-

165 956 312 994 lissima
346 955 491 994 familia
528 964 675 1004 natum,
710 957 858 1007 optime
891 959 941 996 de
973 971 1012 996 re
1044 956 1202 1007 publica
1236 957 1418 997 meritum
1454 959 1494 997 in

164 1021 374 1060 discrimen
403 1021 582 1060 omnium
613 1023 856 1060 fortunarum
888 1021 1106 1060 vocavisti?
1164 1022 1204 1061 Si
1235 1022 1336 1071 licet,
1363 1025 1495 1062 defen-

108 1100 142 1132 15
164 1089 255 1126 dam
287 1086 518 1133 Decianum,
552 1087 619 1136 qui
645 1086 713 1125 tibi
744 1087 783 1125 in
813 1086 1077 1137 suspicionem
1109 1088 1216 1126 nullo
1247 1101 1318 1126 suo
1347 1088 1493 1127 delicto

163 1151 279 1191 venit.
339 1153 432 1190 Non
463 1159 532 1198 est,
570 1151 665 1189 mihi
700 1153 826 1198 crede,
866 1159 1081 1203 corruptus.
1142 1151 1251 1201 Quid
1283 1152 1388 1191 enim
1421 1154 1492 1193 fuit
1512 1162 1550 1192 82

161 1218 271 1268 quod
301 1218 352 1256 ab
386 1230 434 1255 eo
464 1216 747 1255 redimeretur?
779 1224 820 1255 ut
851 1217 1011 1255 duceret
1044 1216 1263 1256 iudicium?
1319 1218 1395 1257 Cui
1424 1232 1491 1257 sex

161 1284 275 1321 horas
310 1282 474 1320 omnino
513 1283 574 1320 lex
613 1281 733 1328 dedit,
769 1289 960 1331 quantum
1002 1282 1163 1320 tandem
1202 1296 1248 1320 ex
1287 1282 1345 1321 his
1384 1283 1490 1322 horis

161 1349 391 1394 detraheret,
417 1347 447 1385 si
469 1347 538 1385 tibi
560 1360 711 1385 morem
742 1360 873 1397 gerere
894 1346 1109 1386 voluisset?
1166 1347 1362 1386 Nimirum
1392 1348 1488 1388 illud

101 1431 142 1453 20
161 1421 218 1452 est
250 1414 359 1463 quod
393 1412 476 1462 ipse
509 1411 736 1462 suspicatur.
810 1411 990 1450 Invidisti
1026 1411 1184 1462 ingenio
1215 1412 1488 1464 subscriptoris

158 1479 239 1527 tui3
269 1477 378 1528 quod
400 1477 564 1515 ornabat
584 1476 697 1515 facile
727 1477 858 1514 locum
882 1490 999 1526 quem
1023 1477 1293 1525 prehenderat,
1317 1485 1355 1516 et
1373 1486 1488 1517 acute

157 1543 266 1583 testis
297 1543 558 1593 interrogabat
578 1549 645 1580 aut
675 1573 682 1580 .
715 1572 722 1580 .
762 1572 770 1581 .
803 1544 964 1580 fortasse
986 1543 1139 1581 fecisset
1160 1550 1202 1581 ut
1223 1550 1263 1580 tu
1285 1556 1331 1581 ex
1351 1543 1486 1593 populi

157 1622 338 1647 sermone
371 1608 580 1655 excideres,
619 1607 766 1646 idcirco
803 1606 1022 1645 Decianum
1058 1621 1183 1657 usque
1213 1608 1264 1646 ad
1299 1620 1485 1646 coronam

155 1673 409 1724 applicavisti.
469 1674 561 1720 Sed,
582 1680 624 1711 ut
656 1673 732 1710 hoc
767 1673 874 1710 haud
907 1671 983 1710 veri
1019 1671 1144 1710 simile
1171 1679 1229 1710 est
1262 1672 1483 1711 Decianum

97 1755 136 1788 25
156 1753 179 1778 a
201 1740 342 1778 Flacco
369 1752 453 1778 esse
478 1746 716 1789 corruptum,
742 1737 794 1776 ita
821 1737 960 1776 scitote
982 1751 1067 1776 esse
1087 1746 1226 1785 cetera,
1249 1739 1353 1776 velut
1374 1739 1483 1788 quod
1505 1743 1543 1783 83

155 1805 208 1843 ait
241 1804 445 1850 Lucceius,
481 1804 524 1843 L.
557 1805 743 1842 Flaccum
776 1802 847 1840 sibi
886 1804 979 1841 dare
1011 1802 1176 1852 cupisse,
1211 1810 1253 1841 ut
1281 1816 1303 1840 a
1334 1803 1412 1841 fide
1441 1816 1482 1841 se

197 1919 217 1949 5
241 1921 316 1941 esse
334 1935 340 1941 .
361 1935 368 1942 .
390 1935 396 1942 .
419 1933 426 1941 .
449 1910 499 1940 P:
528 1909 674 1940 dominia
692 1908 798 1949 suppl.
819 1908 865 1939 ed.
885 1907 1029 1948 Hervag.
1210 1917 1244 1937 Π
1272 1906 1411 1938 favisses
1428 1906 1479 1938 P:

152 1964 230 1984 corr.
251 1954 402 1984 Faernus
536 1963 573 1991 14
598 1953 625 1982 si
643 1953 719 1982 licet
736 1952 852 1992 scripsi
867 1964 873 1982 :
906 1952 1036 1982 scilicet
1053 1950 1105 1982 P:
1129 1951 1190 1981 sed
1207 1950 1310 1980 Faber
1438 1961 1481 1981 20

153 1997 288 2036 ingenio
307 1997 542 2036 subscriptoris
558 1995 677 2033 Sclzol.,
699 1995 891 2035 Naugerius
908 2006 915 2026 :
939 1995 1134 2034 ingeniosus
1151 1994 1326 2033 scriptoris
1342 1993 1376 2023 P
1438 2004 1476 2024 21

152 2040 249 2071 facile
266 2039 372 2072 Sclzol.
391 2051 398 2070 ε
423 2040 533 2070 facere
550 2039 598 2069 P:
626 2039 733 2069 facete
751 2038 888 2078 Sylvius
1000 2038 1182 2077 prenderat
1199 2036 1304 2068 Sclzol.
1436 2047 1478 2067 22

124 2104 130 2110 -
151 2090 206 2114 aut
224 2107 342 2115 .....
363 2084 394 2114 Ρ
410 2095 416 2114 :
441 2082 723 2114 circumveniebat
740 2083 844 2122 suppl.
865 2081 910 2112 ed.
931 2081 1077 2121 Hmvag.
1201 2080 1324 2111 fecistis
1343 2085 1375 2110 et
1393 2085 1427 2111 tu
1444 2087 1477 2112 et

152 2127 265 2166 populi
283 2137 440 2157 sermone
456 2126 632 2165 exciperes
651 2125 700 2156 P:
725 2136 803 2156 corr.
825 2125 1001 2156 Manutius
1201 2134 1240 2161 24
1265 2123 1475 2163 applicavisti

150 2170 283 2210 scripsi:
307 2170 498 2209 applicuisti
515 2169 548 2199 P
654 2170 741 2200 haud
759 2170 827 2199 veri
845 2169 951 2199 simile
969 2173 1019 2199 est
1036 2167 1170 2208 scripsi:
1205 2167 1275 2197 veri
1292 2166 1401 2197 simile
1424 2172 1476 2198 est

150 2213 240 2244 haud
257 2213 327 2243 veri
345 2213 453 2243 simile
470 2212 524 2244 P:
548 2213 617 2243 veri
634 2212 743 2243 simile
761 2217 811 2243 est
831 2211 966 2252 Madvig
1119 2220 1160 2250 25
1184 2210 1316 2249 scitote,
1335 2210 1472 2250 iudices,

150 2266 226 2286 esse
242 2255 288 2286 ed.
308 2256 455 2298 Hervag.
555 2261 668 2287 cetera
682 2255 870 2296 Naugerius
887 2256 937 2297 (2)
956 2266 962 2286 ε
987 2259 1079 2286 certa
1096 2253 1129 2284 P
1235 2253 1326 2284 velut
1342 2253 1475 2285 Baiter:

95 2338 98 2342 ι
149 2299 202 2330 vel
220 2299 306 2332 codd.
