1716 2662
357 67 432 103 DE
464 66 608 104 LEGE
639 67 895 105 AGRARIA
927 68 1144 107 ORATIO
1177 70 1241 106 ΙΙΙ
1443 80 1466 106 2
1486 85 1505 118 5

140 177 338 228 temporis.
399 177 507 227 Quid
542 177 572 216 si
612 185 669 217 est
709 179 805 217 haec
846 180 970 217 multo
1010 179 1305 230 impudentior?
1363 181 1506 220 Nam6

140 242 295 282 Valeria
326 244 410 293 lege
446 242 719 294 Corneliisque
749 243 899 295 legibus
932 243 1091 294 eripitur
1123 244 1208 293 civi,
1240 246 1317 284 cive·
1341 247 1465 294 datur,

141 307 389 358 coniungitur
419 308 628 359 impudens
657 308 887 359 gratificatio
913 323 1003 347 cum
1034 310 1175 349 acerba
1206 310 1368 359 iniuria3
1398 312 1468 350 sed

139 380 272 412 tamen
293 372 449 412 imbibit
471 372 544 411 illis
566 373 717 424 legibus
738 387 849 424 spem
871 387 952 412 non
972 376 1120 413 nullam
1148 375 1209 414 cui
1236 377 1467 428 ademptum

101 454 120 486 5
140 445 208 485 est,
239 438 412 489 aliquem
442 439 668 489 scrupulum
703 438 765 477 cui
797 440 935 478 datum
970 446 1039 478 est.
1113 440 1222 479 Rulli
1249 441 1379 480 cautio
1410 450 1468 480 est

139 506 263 544 haec:
307 505 409 554 ‘QVI
442 516 541 543 POST
575 505 621 544 C.
657 505 840 543 MARIVM
875 505 951 545 CN.
989 507 1201 544 PAP1R1VM
1236 509 1468 546 CONSVLES.'

140 571 272 619 Quam
306 571 442 620 procul
475 583 498 608 a
532 569 756 620 suspicione
790 569 896 621 fugit,
934 572 1044 621 quod
1078 584 1146 609 eos
1181 574 1362 610 consules
1401 573 1468 623 qui

138 635 346 674 adversarii
387 636 515 673 Sullae
554 635 722 673 maxime
756 636 913 674 fuerunt
947 636 1195 686 potissimum
1227 638 1468 677 nominavit!

139 700 180 739 Si
204 700 309 738 enim
337 701 485 739 Sullam
515 700 746 739 dictatorem
773 701 1026 749 nominasset,
1050 702 1301 753 perspicuum
1321 705 1403 743 fore
1430 712 1468 743 et

82 778 121 802 10
139 764 376 804 invidiosum
411 765 618 803 arbitratus
650 773 718 804 est.
779 767 857 805 Sed
888 779 1006 817 quern
1037 774 1209 806 vestrum
1241 776 1321 807 tam
1355 771 1467 808 tardo

138 830 297 881 ingenio
314 832 395 869 fore
415 830 566 881 putavit
586 830 647 869 cui
671 838 759 881 post
780 844 848 869 eos
869 833 1052 871 consules
1069 833 1218 872 Sullam
1235 833 1466 873 dictatorem

139 894 257 934 fuisse
274 895 313 933 in
331 904 504 934 mentem
527 895 658 934 venire
686 909 766 935 non
789 898 951 946 posset?
1009 897 1118 947 Quid
1140 911 1232 948 ergo
1252 899 1304 937 ait
1328 900 1467 939 Maria·
1489 910 1505 945 7

140 974 212 999 nus
252 961 430 999 tribunus
458 961 599 1012 plebis,
632 961 701 1011 qui
732 975 804 1000 nos
840 963 1021 1001 Sullanos
1054 963 1093 1001 in
1121 963 1308 1003 invidiam
1340 967 1468 1016 rapit?

142 1027 246 1075 ‘QVI
279 1038 377 1065 POST
408 1028 590 1064 MARIVM
622 1038 673 1064 ET
703 1027 943 1066 CARBONEM
973 1039 1181 1067 CONsx'LEs
1211 1041 1322 1077 AGRI,
1355 1042 1468 1069 AEDI-

81 1105 118 1137 15
141 1103 259 1138 Ficm,
284 1103 420 1145 Lacvs,
444 1103 615 1139 ΞΤΑΟΝΑ,
634 1103 749 1139 LOCA,
769 1103 1059 1132 POSSESSIONES
1074 1096 1290 1133 '‘—caelum
1307 1103 1345 1134 et
1362 1109 1467 1135 mare

138 1157 406 1208 praetermisit,
439 1166 569 1197 cetera
602 1159 831 1208 complexus
864 1162 1179 1198 est—‘PvssmcE
1214 1173 1324 1199 DATA
1359 1174 1466 1201 ADSI-

139 1234 288 1271 GNATA,
312 1236 513 1271 VENDITA,
532 1235 739 1262 CONCESSA
761 1235 866 1261 SVNT
880 1225 966 1262 '-a
986 1238 1077 1275 quo,
1098 1227 1244 1264 Rulle?
1273 1236 1361 1277 post
1384 1230 1467 1266 Ma-

138 1288 238 1326 rium
263 1296 301 1327 et
322 1289 547 1329 Carbonem
569 1290 752 1327 consules
773 1288 860 1339 quis
882 1289 1111 1340 adsignavit,
1128 1291 1214 1341 quis
1236 1292 1356 1340 dedit,
1379 1294 1466 1343 quis

139 1354 332 1393 concessit
348 1362 500 1405 praeter
520 1355 667 1393 Sullam
681 1356 764 1392 ?—‘
779 1366 835 1392 EA
856 1366 994 1393 OMNIA
1015 1367 1068 1394 Eo
1089 1368 1187 1395 IVRE
1208 1360 1367 1395 siNT—'
1387 1372 1469 1408 quo

79 1429 120 1453 20
139 1418 249 1458 iure?
278 1419 486 1459 labefactat
498 1418 681 1458 videlicet
695 1419 829 1457 nescio
849 1419 956 1469 quid.
989 1419 1168 1459 Nimium
1184 1435 1283 1470 acer,
1301 1423 1466 1462 nimium

139 1485 351 1523 vehemens
395 1484 574 1523 tribunus
613 1483 739 1534 plebis
787 1485 946 1522 Sullana
992 1484 1244 1524 rescindit—‘
1261 1500 1312 1525 VT
1359 1500 1468 1532 QVAE

138 1560 297 1588 OPTIMO
329 1562 427 1587 1VRE
463 1561 641 1587 PRIVATA
673 1550 802 1588 SVNT.'
860 1549 1045 1588 Etiamne
1073 1551 1232 1590 meliore
1264 1566 1382 1602 quam
1404 1568 1468 1604 pa—

138 1625 247 1654 terna
281 1623 318 1653 et
352 1615 486 1653 avita?
531 1614 706 1653 Meliore.
767 1616 820 1652 At
854 1615 930 1653 hoc
963 1615 1119 1654 Valeria
1158 1618 1219 1655 lex
1248 1631 1329 1656 non
1358 1619 1464 1666 dicit,
1487 1626 1506 1656 8

140 1680 347 1719 Corneliae
377 1682 480 1730 leges
510 1694 590 1718 non
621 1679 812 1727 sanciunt,
837 1681 943 1719 Sulla
965 1680 1047 1731 ipse
1075 1695 1155 1720 non
1185 1685 1367 1732 postulat.
1427 1684 1467 1723 Si

79 1754 118 1786 25
140 1744 202 1782 isti
214 1745 294 1795 agri
310 1753 459 1795 partem
475 1745 647 1795 aliquam
669 1744 771 1792 iuris,
786 1744 958 1795 aliquam
974 1745 1272 1786 similitudinem
1288 1750 1466 1799 propriae

139 1811 408 1860 possessionis,
430 1810 603 1861 aliquam
623 1824 734 1860 spem
755 1810 1020 1849 diuturnitatis
1040 1811 1248 1862 attingunt,
1270 1828 1389 1853 nemo
1409 1823 1467 1854 est

139 1883 218 1913 tam
250 1875 459 1925 impudens
481 1875 643 1914 istorum
666 1874 762 1925 quin
783 1875 843 1925 agi
866 1888 1000 1914 secum
1022 1879 1218 1927 praeclare
1248 1880 1464 1919 arbitretur.

188 1996 197 2016 1
226 1987 288 2017 boc
305 1986 342 2017 N
457 1985 702 2025 imprudentior
717 1984 812 2024 Eexn
987 1997 1006 2016 2
1031 1987 1103 2024 civi,
1119 1988 1182 2018 civi
1202 1987 1358 2019 Graevius
1374 2002 1381 2021 :
1405 1991 1466 2021 civi

138 2028 186 2061 E:
223 2031 273 2060 cui
300 2034 392 2061 cem:
425 2030 453 2060 si
487 2030 537 2060 cui
564 2029 686 2059 Mz‘iIler
838 2040 857 2067 4
884 2029 1012 2060 imbibit
1041 2029 1161 2061 Orelli:
1196 2032 1325 2063 inhibet
1357 2033 1466 2066 codd:

139 2073 239 2103 habet
258 2073 290 2102 in
307 2073 354 2103 ed.
375 2072 521 2113 Hervag.
655 2073 832 2111 ademptus
849 2096 857 2103 .
878 2096 885 2104 .
907 2096 915 2103 .
935 2073 1032 2104 datus
1052 2074 1140 2106 codd.
1161 2086 1167 2105 ε
1202 2085 1279 2106 corr.
1296 2076 1468 2107 Puteanus

139 2126 158 2155 5
176 2117 259 2147 haec
271 2121 323 2147 est
337 2115 377 2147 M
434 2119 454 2147 6
472 2115 658 2157 Papirium]
671 2117 860 2146 Carbonem
875 2116 958 2157 Lag.
973 2128 994 2155 9
1055 2117 1116 2149 Cn.
1132 2119 1290 2150 consules
1302 2120 1466 2159 papirium

138 2159 185 2191 Ee
318 2170 335 2198 7
361 2160 476 2200 quam]
496 2161 551 2199 qui
571 2170 647 2190 nam
664 2159 701 2189 N
808 2171 829 2199 9
853 2159 923 2190 sore
941 2170 1006 2192 om.
1028 2160 1076 2191 Ee
1192 2171 1230 2192 10
1255 2168 1404 2194 nostrum
1421 2163 1469 2194 Ee

143 2214 179 2241 14
203 2205 273 2242 agri
291 2204 329 2234 k:
355 2214 454 2242 agros
472 2207 537 2235 cett.
557 2204 644 2243 (agri
663 2226 670 2233 .
691 2227 698 2234 .
719 2228 725 2235 .
746 2203 901 2234 consules
918 2214 984 2234 om.
1012 2203 1067 2244 M)
1246 2216 1282 2236 21
1311 2207 1468 2239 Sullanus

141 2248 200 2285 (-is
215 2258 244 2288 e)
264 2246 327 2277 Ee:
364 2247 520 2278 Sullanas
545 2257 599 2277 res
623 2247 700 2278 coni.
722 2246 835 2277 Baiter
975 2257 1016 2277 22
1040 2252 1117 2278 sunt
1135 2259 1158 2288 c,
1185 2249 1374 2281 Turnebus:
1398 2252 1466 2282 sint

140 2294 203 2320 cell.
341 2302 379 2330 27
406 2291 601 2330 imprudens
618 2290 706 2321 codd.
726 2302 732 2321 ε
756 2301 832 2321 corr.
855 2289 1044 2331 Naugerius
1065 2291 1117 2331 (1)
