<?xml version="1.0" encoding="UTF-8"?>
<!DOCTYPE html PUBLIC "-//W3C//DTD XHTML 1.0 Transitional//EN"
    "http://www.w3.org/TR/xhtml1/DTD/xhtml1-transitional.dtd">
<html xmlns="http://www.w3.org/1999/xhtml" xml:lang="en" lang="en">
 <head>
  <title>
</title>
<meta http-equiv="Content-Type" content="text/html;charset=utf-8" />
  <meta name='ocr-system' content='tesseract 3.04.00' />
  <meta name='ocr-capabilities' content='ocr_page ocr_carea ocr_par ocr_line ocrx_word'/>
</head>
<body>
  <div class='ocr_page' id='page_1' title='image "./orationesrecogno04ciceuoft/orationesrecogno04ciceuoft_0090.png"; bbox 0 0 1747 2620; ppageno 0'>
   <div class='ocr_carea' id='block_1_1' title="bbox 223 79 1230 121">
    <p class='ocr_par' dir='ltr' id='par_1_1' title="bbox 223 79 1230 121">
     <span class='ocr_line' id='line_1_1' title="bbox 223 79 1230 121; baseline -0.002 -1"><span class='ocrx_word' id='word_1_1' title='bbox 223 91 242 120; x_wconf 87' lang='lat'>1</span> <span class='ocrx_word' id='word_1_2' title='bbox 263 97 278 119; x_wconf 87' lang='lat'><em>2</em></span> <span class='ocrx_word' id='word_1_3' title='bbox 634 82 690 121; x_wconf 88' lang='lat' dir='ltr'><strong>M.</strong></span> <span class='ocrx_word' id='word_1_4' title='bbox 721 82 890 120; x_wconf 88' lang='lat' dir='ltr'>TVLLI</span> <span class='ocrx_word' id='word_1_5' title='bbox 922 79 1230 121; x_wconf 88' lang='lat' dir='ltr'>CICERONIS</span> 
     </span>
    </p>
   </div>
   <div class='ocr_carea' id='block_1_2' title="bbox 213 189 1653 2136">
    <p class='ocr_par' dir='ltr' id='par_1_2' title="bbox 259 189 1594 241">
     <span class='ocr_line' id='line_1_2' title="bbox 259 189 1594 241; baseline -0.003 -9"><span class='ocrx_word' id='word_1_6' title='bbox 259 193 404 241; x_wconf 80' lang='lat' dir='ltr'><strong>dentia,</strong></span> <span class='ocrx_word' id='word_1_7' title='bbox 432 200 498 232; x_wconf 89' lang='lat' dir='ltr'><strong>aut</strong></span> <span class='ocrx_word' id='word_1_8' title='bbox 528 206 600 232; x_wconf 90' lang='lat' dir='ltr'><strong>nos</strong></span> <span class='ocrx_word' id='word_1_9' title='bbox 627 206 709 232; x_wconf 91' lang='lat' dir='ltr'><strong>non</strong></span> <span class='ocrx_word' id='word_1_10' title='bbox 738 206 787 231; x_wconf 93' lang='lat' dir='ltr'><strong>eo</strong></span> <span class='ocrx_word' id='word_1_11' title='bbox 815 192 1002 230; x_wconf 84' lang='lat' dir='ltr'><strong>libentius</strong></span> <span class='ocrx_word' id='word_1_12' title='bbox 1030 198 1115 230; x_wconf 92' lang='lat' dir='ltr'><strong>tum</strong></span> <span class='ocrx_word' id='word_1_13' title='bbox 1144 190 1334 229; x_wconf 81' lang='lat' dir='ltr'>audaciae</span> <span class='ocrx_word' id='word_1_14' title='bbox 1363 189 1594 230; x_wconf 81' lang='lat' dir='ltr'><strong>cesserimus</strong></span> 
     </span>
    </p>

    <p class='ocr_par' dir='ltr' id='par_1_3' title="bbox 222 257 1595 309">
     <span class='ocr_line' id='line_1_3' title="bbox 222 257 1595 309; baseline -0.002 -12"><span class='ocrx_word' id='word_1_15' title='bbox 222 275 238 304; x_wconf 77' lang='lat'>3</span> <span class='ocrx_word' id='word_1_16' title='bbox 260 272 339 309; x_wconf 84' lang='lat' dir='ltr'><strong>quo</strong></span> <span class='ocrx_word' id='word_1_17' title='bbox 359 272 464 297; x_wconf 86' lang='lat' dir='ltr'><strong>nunc</strong></span> <span class='ocrx_word' id='word_1_18' title='bbox 486 257 756 308; x_wconf 88' lang='lat' dir='ltr'><strong>impudentiae</strong></span> <span class='ocrx_word' id='word_1_19' title='bbox 780 257 931 296; x_wconf 79' lang='lat' dir='ltr'><strong>facilius</strong></span> <span class='ocrx_word' id='word_1_20' title='bbox 958 257 1251 296; x_wconf 79' lang='lat' dir='ltr'><strong>obsisteremus.</strong></span> <span class='ocrx_word' id='word_1_21' title='bbox 1311 257 1451 306; x_wconf 88' lang='lat' dir='ltr'><strong>Itaque</strong></span> <span class='ocrx_word' id='word_1_22' title='bbox 1479 257 1595 306; x_wconf 90' lang='lat' dir='ltr'><strong>longe</strong></span> 
     </span>
    </p>

    <p class='ocr_par' dir='ltr' id='par_1_4' title="bbox 258 321 1594 374">
     <span class='ocr_line' id='line_1_4' title="bbox 258 321 1594 374; baseline -0.001 -13"><span class='ocrx_word' id='word_1_23' title='bbox 258 323 333 362; x_wconf 86' lang='lat' dir='ltr'><strong>alia</strong></span> <span class='ocrx_word' id='word_1_24' title='bbox 357 323 518 371; x_wconf 86' lang='lat' dir='ltr'><strong>ratione,</strong></span> <span class='ocrx_word' id='word_1_25' title='bbox 539 330 844 374; x_wconf 82' lang='lat' dir='ltr'><strong>recuperatores,</strong></span> <span class='ocrx_word' id='word_1_26' title='bbox 866 324 918 362; x_wconf 90' lang='lat' dir='ltr'><strong>ad</strong></span> <span class='ocrx_word' id='word_1_27' title='bbox 938 323 1135 373; x_wconf 82' lang='lat' dir='ltr'><strong>agendam</strong></span> <span class='ocrx_word' id='word_1_28' title='bbox 1163 334 1323 360; x_wconf 88' lang='lat' dir='ltr'><strong>causam</strong></span> <span class='ocrx_word' id='word_1_29' title='bbox 1343 322 1417 360; x_wconf 87' lang='lat' dir='ltr'><strong>hac</strong></span> <span class='ocrx_word' id='word_1_30' title='bbox 1437 321 1594 360; x_wconf 88' lang='lat' dir='ltr'><strong>actione</strong></span> 
     </span>
    </p>

    <p class='ocr_par' dir='ltr' id='par_1_5' title="bbox 260 387 1594 439">
     <span class='ocr_line' id='line_1_5' title="bbox 260 387 1594 439; baseline -0.001 -13"><span class='ocrx_word' id='word_1_31' title='bbox 260 388 374 427; x_wconf 86' lang='lat' dir='ltr'><strong>venio</strong></span> <span class='ocrx_word' id='word_1_32' title='bbox 410 395 531 439; x_wconf 86' lang='lat' dir='ltr'><strong>atque</strong></span> <span class='ocrx_word' id='word_1_33' title='bbox 567 388 681 427; x_wconf 88' lang='lat' dir='ltr'><strong>initio</strong></span> <span class='ocrx_word' id='word_1_34' title='bbox 720 401 916 427; x_wconf 86' lang='lat' dir='ltr'><strong>veneram.</strong></span> <span class='ocrx_word' id='word_1_35' title='bbox 973 387 1081 426; x_wconf 89' lang='lat' dir='ltr'><strong>Tum</strong></span> <span class='ocrx_word' id='word_1_36' title='bbox 1116 387 1223 426; x_wconf 89' lang='lat' dir='ltr'><strong>enim</strong></span> <span class='ocrx_word' id='word_1_37' title='bbox 1263 394 1419 426; x_wconf 89' lang='lat' dir='ltr'><strong>nostrae</strong></span> <span class='ocrx_word' id='word_1_38' title='bbox 1453 400 1594 425; x_wconf 87' lang='lat' dir='ltr'><strong>causae</strong></span> 
     </span>
    </p>

    <p class='ocr_par' dir='ltr' id='par_1_6' title="bbox 259 451 1631 504">
     <span class='ocr_line' id='line_1_6' title="bbox 259 451 1631 504; baseline -0.001 -13"><span class='ocrx_word' id='word_1_39' title='bbox 259 466 347 504; x_wconf 86' lang='lat' dir='ltr'><strong>spes</strong></span> <span class='ocrx_word' id='word_1_40' title='bbox 385 461 466 493; x_wconf 90' lang='lat' dir='ltr'><strong>erat</strong></span> <span class='ocrx_word' id='word_1_41' title='bbox 500 452 629 504; x_wconf 86' lang='lat' dir='ltr'><strong>posita</strong></span> <span class='ocrx_word' id='word_1_42' title='bbox 660 452 699 491; x_wconf 90' lang='lat' dir='ltr'><strong>in</strong></span> <span class='ocrx_word' id='word_1_43' title='bbox 732 452 967 492; x_wconf 80' lang='lat' dir='ltr'><strong>defensione</strong></span> <span class='ocrx_word' id='word_1_44' title='bbox 1000 466 1098 500; x_wconf 90' lang='lat' dir='ltr'><strong>mea,</strong></span> <span class='ocrx_word' id='word_1_45' title='bbox 1132 466 1238 491; x_wconf 91' lang='lat' dir='ltr'><strong>nunc</strong></span> <span class='ocrx_word' id='word_1_46' title='bbox 1273 451 1314 490; x_wconf 90' lang='lat' dir='ltr'><strong>in</strong></span> <span class='ocrx_word' id='word_1_47' title='bbox 1345 451 1593 491; x_wconf 89' lang='lat' dir='ltr'><strong>confessione</strong></span> <span class='ocrx_word' id='word_1_48' title='bbox 1614 461 1631 494; x_wconf 89' lang='lat'>5</span> 
     </span>
    </p>

    <p class='ocr_par' dir='ltr' id='par_1_7' title="bbox 258 517 1595 566">
     <span class='ocr_line' id='line_1_7' title="bbox 258 517 1595 566; baseline -0.001 -9"><span class='ocrx_word' id='word_1_49' title='bbox 258 519 476 566; x_wconf 81' lang='lat' dir='ltr'><strong>adversarii,</strong></span> <span class='ocrx_word' id='word_1_50' title='bbox 511 526 595 557; x_wconf 90' lang='lat' dir='ltr'><strong>tum</strong></span> <span class='ocrx_word' id='word_1_51' title='bbox 627 518 667 556; x_wconf 90' lang='lat' dir='ltr'><strong>in</strong></span> <span class='ocrx_word' id='word_1_52' title='bbox 702 518 854 566; x_wconf 79' lang='lat' dir='ltr'><strong>nostris,</strong></span> <span class='ocrx_word' id='word_1_53' title='bbox 886 532 994 558; x_wconf 86' lang='lat' dir='ltr'><strong>nunc</strong></span> <span class='ocrx_word' id='word_1_54' title='bbox 1018 532 1110 557; x_wconf 93' lang='lat' dir='ltr'><strong>vero</strong></span> <span class='ocrx_word' id='word_1_55' title='bbox 1145 517 1184 556; x_wconf 92' lang='lat' dir='ltr'><strong>in</strong></span> <span class='ocrx_word' id='word_1_56' title='bbox 1214 517 1369 556; x_wconf 91' lang='lat' dir='ltr'><strong>illorum</strong></span> <span class='ocrx_word' id='word_1_57' title='bbox 1404 517 1595 566; x_wconf 84' lang='lat' dir='ltr'><strong>testibus;</strong></span> 
     </span>
    </p>

    <p class='ocr_par' dir='ltr' id='par_1_8' title="bbox 257 582 1593 764">
     <span class='ocr_line' id='line_1_8' title="bbox 258 582 1593 635; baseline -0.001 -12"><span class='ocrx_word' id='word_1_58' title='bbox 258 585 309 623; x_wconf 91' lang='lat' dir='ltr'><strong>de</strong></span> <span class='ocrx_word' id='word_1_59' title='bbox 329 584 471 635; x_wconf 87' lang='lat' dir='ltr'><strong>quibus</strong></span> <span class='ocrx_word' id='word_1_60' title='bbox 502 598 575 635; x_wconf 91' lang='lat' dir='ltr'><strong>ego</strong></span> <span class='ocrx_word' id='word_1_61' title='bbox 603 592 720 623; x_wconf 88' lang='lat' dir='ltr'><strong>antea</strong></span> <span class='ocrx_word' id='word_1_62' title='bbox 747 584 975 624; x_wconf 84' lang='lat' dir='ltr'><strong>laborabam</strong></span> <span class='ocrx_word' id='word_1_63' title='bbox 1003 598 1064 632; x_wconf 90' lang='lat' dir='ltr'><strong>ne,</strong></span> <span class='ocrx_word' id='word_1_64' title='bbox 1088 583 1119 622; x_wconf 90' lang='lat' dir='ltr'><strong>si</strong></span> <span class='ocrx_word' id='word_1_65' title='bbox 1147 583 1316 633; x_wconf 89' lang='lat' dir='ltr'><strong>improbi</strong></span> <span class='ocrx_word' id='word_1_66' title='bbox 1343 591 1484 631; x_wconf 88' lang='lat' dir='ltr'><strong>essent,</strong></span> <span class='ocrx_word' id='word_1_67' title='bbox 1507 582 1593 622; x_wconf 89' lang='lat' dir='ltr'><strong>falsi</strong></span> 
     </span>
     <span class='ocr_line' id='line_1_9' title="bbox 257 648 1593 701; baseline 0 -14"><span class='ocrx_word' id='word_1_68' title='bbox 257 649 405 700; x_wconf 85' lang='lat' dir='ltr'><strong>aliquid</strong></span> <span class='ocrx_word' id='word_1_69' title='bbox 444 649 631 698; x_wconf 84' lang='lat' dir='ltr'><strong>dicerent,</strong></span> <span class='ocrx_word' id='word_1_70' title='bbox 673 649 704 688; x_wconf 89' lang='lat' dir='ltr'><strong>si</strong></span> <span class='ocrx_word' id='word_1_71' title='bbox 742 649 858 701; x_wconf 90' lang='lat' dir='ltr'><strong>probi</strong></span> <span class='ocrx_word' id='word_1_72' title='bbox 896 649 1222 697; x_wconf 82' lang='lat' dir='ltr'><strong>existimarentur,</strong></span> <span class='ocrx_word' id='word_1_73' title='bbox 1257 650 1366 699; x_wconf 87' lang='lat' dir='ltr'><strong>quod</strong></span> <span class='ocrx_word' id='word_1_74' title='bbox 1404 648 1593 687; x_wconf 87' lang='lat' dir='ltr'><strong>dixissent</strong></span> 
     </span>
     <span class='ocr_line' id='line_1_10' title="bbox 258 713 1592 764; baseline 0.001 -12"><span class='ocrx_word' id='word_1_75' title='bbox 258 715 492 764; x_wconf 69' lang='lat' dir='ltr'><strong>probarent,</strong></span> <span class='ocrx_word' id='word_1_76' title='bbox 530 729 636 753; x_wconf 89' lang='lat' dir='ltr'><strong>nunc</strong></span> <span class='ocrx_word' id='word_1_77' title='bbox 675 728 762 752; x_wconf 91' lang='lat' dir='ltr'><strong>sum</strong></span> <span class='ocrx_word' id='word_1_78' title='bbox 797 714 932 754; x_wconf 82' lang='lat' dir='ltr'><strong>animo</strong></span> <span class='ocrx_word' id='word_1_79' title='bbox 965 714 1215 764; x_wconf 88' lang='lat' dir='ltr'><strong>aequissimo.</strong></span> <span class='ocrx_word' id='word_1_80' title='bbox 1287 713 1327 753; x_wconf 86' lang='lat' dir='ltr'><strong>Si</strong></span> <span class='ocrx_word' id='word_1_81' title='bbox 1361 713 1466 752; x_wconf 89' lang='lat' dir='ltr'><strong>enim</strong></span> <span class='ocrx_word' id='word_1_82' title='bbox 1500 721 1592 753; x_wconf 90' lang='lat' dir='ltr'><strong>sunt</strong></span> 
     </span>
    </p>

    <p class='ocr_par' dir='ltr' id='par_1_9' title="bbox 257 779 1653 830">
     <span class='ocr_line' id='line_1_11' title="bbox 257 779 1653 830; baseline 0.001 -13"><span class='ocrx_word' id='word_1_83' title='bbox 257 779 325 818; x_wconf 86' lang='lat' dir='ltr'><strong>viri</strong></span> <span class='ocrx_word' id='word_1_84' title='bbox 360 780 464 828; x_wconf 86' lang='lat' dir='ltr'><strong>boni,</strong></span> <span class='ocrx_word' id='word_1_85' title='bbox 503 794 566 818; x_wconf 91' lang='lat' dir='ltr'><strong>me</strong></span> <span class='ocrx_word' id='word_1_86' title='bbox 599 780 800 828; x_wconf 86' lang='lat' dir='ltr'><strong>adiuvant,</strong></span> <span class='ocrx_word' id='word_1_87' title='bbox 833 794 926 818; x_wconf 90' lang='lat' dir='ltr'><strong>cum</strong></span> <span class='ocrx_word' id='word_1_88' title='bbox 966 779 1006 818; x_wconf 93' lang='lat' dir='ltr'><strong>id</strong></span> <span class='ocrx_word' id='word_1_89' title='bbox 1045 779 1158 818; x_wconf 89' lang='lat' dir='ltr'><strong>iurati</strong></span> <span class='ocrx_word' id='word_1_90' title='bbox 1197 779 1336 818; x_wconf 91' lang='lat' dir='ltr'><strong>dicunt</strong></span> <span class='ocrx_word' id='word_1_91' title='bbox 1369 780 1479 830; x_wconf 89' lang='lat' dir='ltr'><strong>quod</strong></span> <span class='ocrx_word' id='word_1_92' title='bbox 1518 792 1591 829; x_wconf 89' lang='lat' dir='ltr'><strong>ego</strong></span> <span class='ocrx_word' id='word_1_93' title='bbox 1613 791 1653 814; x_wconf 89' lang='lat'><strong>10</strong></span> 
     </span>
    </p>

    <p class='ocr_par' dir='ltr' id='par_1_10' title="bbox 258 844 1593 894">
     <span class='ocr_line' id='line_1_12' title="bbox 258 844 1593 894; baseline 0.001 -11"><span class='ocrx_word' id='word_1_94' title='bbox 258 845 446 884; x_wconf 86' lang='lat' dir='ltr'><strong>iniuratus</strong></span> <span class='ocrx_word' id='word_1_95' title='bbox 477 845 688 894; x_wconf 86' lang='lat' dir='ltr'><strong>insimulo;</strong></span> <span class='ocrx_word' id='word_1_96' title='bbox 723 846 784 884; x_wconf 90' lang='lat' dir='ltr'><strong>sin</strong></span> <span class='ocrx_word' id='word_1_97' title='bbox 813 853 945 884; x_wconf 88' lang='lat' dir='ltr'><strong>autem</strong></span> <span class='ocrx_word' id='word_1_98' title='bbox 977 845 1108 883; x_wconf 89' lang='lat' dir='ltr'><strong>minus</strong></span> <span class='ocrx_word' id='word_1_99' title='bbox 1136 844 1282 892; x_wconf 91' lang='lat' dir='ltr'><strong>idonei,</strong></span> <span class='ocrx_word' id='word_1_100' title='bbox 1315 859 1378 884; x_wconf 90' lang='lat' dir='ltr'><strong>me</strong></span> <span class='ocrx_word' id='word_1_101' title='bbox 1406 858 1489 884; x_wconf 90' lang='lat' dir='ltr'><strong>non</strong></span> <span class='ocrx_word' id='word_1_102' title='bbox 1518 846 1593 884; x_wconf 85' lang='lat' dir='ltr'><strong>lae-</strong></span> 
     </span>
    </p>

    <p class='ocr_par' dir='ltr' id='par_1_11' title="bbox 256 910 1592 1090">
     <span class='ocr_line' id='line_1_13' title="bbox 257 910 1591 961; baseline 0.001 -13"><span class='ocrx_word' id='word_1_103' title='bbox 257 911 367 957; x_wconf 89' lang='lat' dir='ltr'><strong>dunt,</strong></span> <span class='ocrx_word' id='word_1_104' title='bbox 394 924 485 949; x_wconf 89' lang='lat' dir='ltr'><strong>cum</strong></span> <span class='ocrx_word' id='word_1_105' title='bbox 511 910 566 949; x_wconf 87' lang='lat' dir='ltr'><strong>eis</strong></span> <span class='ocrx_word' id='word_1_106' title='bbox 594 910 678 950; x_wconf 90' lang='lat' dir='ltr'><strong>sive</strong></span> <span class='ocrx_word' id='word_1_107' title='bbox 706 910 886 958; x_wconf 91' lang='lat' dir='ltr'><strong>creditur,</strong></span> <span class='ocrx_word' id='word_1_108' title='bbox 916 912 1085 949; x_wconf 79' lang='lat' dir='ltr'><strong>creditur</strong></span> <span class='ocrx_word' id='word_1_109' title='bbox 1110 911 1187 948; x_wconf 91' lang='lat' dir='ltr'><strong>hoc</strong></span> <span class='ocrx_word' id='word_1_110' title='bbox 1221 910 1351 961; x_wconf 88' lang='lat' dir='ltr'><strong>ipsum</strong></span> <span class='ocrx_word' id='word_1_111' title='bbox 1381 912 1490 961; x_wconf 89' lang='lat' dir='ltr'><strong>quod</strong></span> <span class='ocrx_word' id='word_1_112' title='bbox 1518 924 1591 950; x_wconf 89' lang='lat' dir='ltr'><strong>nos</strong></span> 
     </span>
     <span class='ocr_line' id='line_1_14' title="bbox 256 975 1592 1026; baseline 0.002 -13"><span class='ocrx_word' id='word_1_113' title='bbox 256 976 464 1026; x_wconf 82' lang='lat' dir='ltr'><strong>arguimus,</strong></span> <span class='ocrx_word' id='word_1_114' title='bbox 488 976 569 1017; x_wconf 88' lang='lat' dir='ltr'><strong>sive</strong></span> <span class='ocrx_word' id='word_1_115' title='bbox 589 977 690 1016; x_wconf 88' lang='lat' dir='ltr'><strong>fides</strong></span> <span class='ocrx_word' id='word_1_116' title='bbox 708 990 791 1016; x_wconf 89' lang='lat' dir='ltr'><strong>non</strong></span> <span class='ocrx_word' id='word_1_117' title='bbox 817 977 998 1025; x_wconf 86' lang='lat' dir='ltr'><strong>habetur,</strong></span> <span class='ocrx_word' id='word_1_118' title='bbox 1018 977 1070 1015; x_wconf 92' lang='lat' dir='ltr'><strong>de</strong></span> <span class='ocrx_word' id='word_1_119' title='bbox 1096 975 1307 1015; x_wconf 87' lang='lat' dir='ltr'><strong>adversarii</strong></span> <span class='ocrx_word' id='word_1_120' title='bbox 1330 976 1492 1015; x_wconf 89' lang='lat' dir='ltr'><strong>testium</strong></span> <span class='ocrx_word' id='word_1_121' title='bbox 1512 977 1592 1016; x_wconf 83' lang='lat' dir='ltr'><strong>fide</strong></span> 
     </span>
     <span class='ocr_line' id='line_1_15' title="bbox 257 1042 475 1090; baseline 0 -10"><span class='ocrx_word' id='word_1_122' title='bbox 257 1042 475 1090; x_wconf 86' lang='lat' dir='ltr'><strong>derogatur.</strong></span> 
     </span>
    </p>

    <p class='ocr_par' dir='ltr' id='par_1_12' title="bbox 256 1106 1648 1223">
     <span class='ocr_line' id='line_1_16' title="bbox 310 1106 1648 1155; baseline -0.001 -12"><span class='ocrx_word' id='word_1_123' title='bbox 310 1107 458 1144; x_wconf 88' lang='lat' dir='ltr'><strong>Verum</strong></span> <span class='ocrx_word' id='word_1_124' title='bbox 492 1114 623 1147; x_wconf 90' lang='lat' dir='ltr'><strong>tamen</strong></span> <span class='ocrx_word' id='word_1_125' title='bbox 659 1120 750 1145; x_wconf 91' lang='lat' dir='ltr'><strong>cum</strong></span> <span class='ocrx_word' id='word_1_126' title='bbox 782 1106 937 1145; x_wconf 91' lang='lat' dir='ltr'><strong>illorum</strong></span> <span class='ocrx_word' id='word_1_127' title='bbox 967 1106 1166 1145; x_wconf 89' lang='lat' dir='ltr'><strong>actionem</strong></span> <span class='ocrx_word' id='word_1_128' title='bbox 1197 1120 1339 1145; x_wconf 86' lang='lat' dir='ltr'><strong>causae</strong></span> <span class='ocrx_word' id='word_1_129' title='bbox 1368 1106 1587 1155; x_wconf 90' lang='lat' dir='ltr'><strong>considero,</strong></span> <span class='ocrx_word' id='word_1_130' title='bbox 1614 1120 1648 1152; x_wconf 84' lang='lat'><strong>15</strong></span> 
     </span>
     <span class='ocr_line' id='line_1_17' title="bbox 256 1171 1590 1223; baseline 0.001 -14"><span class='ocrx_word' id='word_1_131' title='bbox 256 1185 336 1209; x_wconf 91' lang='lat' dir='ltr'><strong>non</strong></span> <span class='ocrx_word' id='word_1_132' title='bbox 358 1171 473 1211; x_wconf 83' lang='lat' dir='ltr'><strong>video</strong></span> <span class='ocrx_word' id='word_1_133' title='bbox 494 1172 590 1222; x_wconf 87' lang='lat' dir='ltr'><strong>quid</strong></span> <span class='ocrx_word' id='word_1_134' title='bbox 611 1171 880 1223; x_wconf 90' lang='lat' dir='ltr'><strong>impudentius</strong></span> <span class='ocrx_word' id='word_1_135' title='bbox 901 1172 980 1211; x_wconf 90' lang='lat' dir='ltr'><strong>dici</strong></span> <span class='ocrx_word' id='word_1_136' title='bbox 1001 1172 1133 1223; x_wconf 88' lang='lat' dir='ltr'><strong>possit,</strong></span> <span class='ocrx_word' id='word_1_137' title='bbox 1158 1186 1248 1211; x_wconf 91' lang='lat' dir='ltr'><strong>cum</strong></span> <span class='ocrx_word' id='word_1_138' title='bbox 1269 1180 1402 1211; x_wconf 91' lang='lat' dir='ltr'><strong>autem</strong></span> <span class='ocrx_word' id='word_1_139' title='bbox 1422 1180 1590 1211; x_wconf 86' lang='lat' dir='ltr'><strong>vestram</strong></span> 
     </span>
    </p>

    <p class='ocr_par' dir='ltr' id='par_1_13' title="bbox 256 1236 1592 1289">
     <span class='ocr_line' id='line_1_18' title="bbox 256 1236 1592 1289; baseline 0.002 -15"><span class='ocrx_word' id='word_1_140' title='bbox 256 1237 294 1274; x_wconf 91' lang='lat' dir='ltr'><strong>in</strong></span> <span class='ocrx_word' id='word_1_141' title='bbox 312 1236 523 1277; x_wconf 87' lang='lat' dir='ltr'><strong>iudicando</strong></span> <span class='ocrx_word' id='word_1_142' title='bbox 543 1237 845 1285; x_wconf 88' lang='lat' dir='ltr'><strong>dubitationem,</strong></span> <span class='ocrx_word' id='word_1_143' title='bbox 862 1251 997 1276; x_wconf 91' lang='lat' dir='ltr'><strong>vereor</strong></span> <span class='ocrx_word' id='word_1_144' title='bbox 1013 1251 1063 1276; x_wconf 92' lang='lat' dir='ltr'><strong>ne</strong></span> <span class='ocrx_word' id='word_1_145' title='bbox 1084 1238 1124 1276; x_wconf 94' lang='lat' dir='ltr'><strong>id</strong></span> <span class='ocrx_word' id='word_1_146' title='bbox 1141 1239 1249 1288; x_wconf 88' lang='lat' dir='ltr'><strong>quod</strong></span> <span class='ocrx_word' id='word_1_147' title='bbox 1266 1238 1447 1276; x_wconf 88' lang='lat' dir='ltr'><strong>videntur</strong></span> <span class='ocrx_word' id='word_1_148' title='bbox 1467 1237 1592 1289; x_wconf 92' lang='lat' dir='ltr'><strong>impu-</strong></span> 
     </span>
    </p>

    <p class='ocr_par' dir='ltr' id='par_1_14' title="bbox 254 1303 1589 1353">
     <span class='ocr_line' id='line_1_19' title="bbox 254 1303 1589 1353; baseline 0.001 -13"><span class='ocrx_word' id='word_1_149' title='bbox 254 1303 392 1340; x_wconf 87' lang='lat' dir='ltr'><strong>denter</strong></span> <span class='ocrx_word' id='word_1_150' title='bbox 412 1303 554 1342; x_wconf 88' lang='lat' dir='ltr'><strong>secisse</strong></span> <span class='ocrx_word' id='word_1_151' title='bbox 576 1310 703 1341; x_wconf 88' lang='lat' dir='ltr'><strong>astute</strong></span> <span class='ocrx_word' id='word_1_152' title='bbox 728 1312 765 1341; x_wconf 90' lang='lat' dir='ltr'><strong>et</strong></span> <span class='ocrx_word' id='word_1_153' title='bbox 787 1303 927 1341; x_wconf 88' lang='lat' dir='ltr'><strong>callide</strong></span> <span class='ocrx_word' id='word_1_154' title='bbox 952 1303 1124 1342; x_wconf 90' lang='lat' dir='ltr'><strong>fecerint.</strong></span> <span class='ocrx_word' id='word_1_155' title='bbox 1188 1305 1303 1351; x_wconf 85' lang='lat' dir='ltr'><strong>Nam,</strong></span> <span class='ocrx_word' id='word_1_156' title='bbox 1327 1303 1357 1341; x_wconf 91' lang='lat' dir='ltr'><strong>si</strong></span> <span class='ocrx_word' id='word_1_157' title='bbox 1382 1311 1589 1353; x_wconf 85' lang='lat' dir='ltr'><strong>negassent</strong></span> 
     </span>
    </p>

    <p class='ocr_par' dir='ltr' id='par_1_15' title="bbox 253 1366 1588 1416">
     <span class='ocr_line' id='line_1_20' title="bbox 253 1366 1588 1416; baseline 0.001 -11"><span class='ocrx_word' id='word_1_158' title='bbox 253 1367 331 1405; x_wconf 92' lang='lat' dir='ltr'><strong>vim</strong></span> <span class='ocrx_word' id='word_1_159' title='bbox 371 1366 599 1407; x_wconf 84' lang='lat' dir='ltr'><strong>hominibus</strong></span> <span class='ocrx_word' id='word_1_160' title='bbox 637 1368 795 1406; x_wconf 83' lang='lat' dir='ltr'><strong>armatis</strong></span> <span class='ocrx_word' id='word_1_161' title='bbox 834 1381 920 1407; x_wconf 90' lang='lat' dir='ltr'><strong>esse</strong></span> <span class='ocrx_word' id='word_1_162' title='bbox 959 1370 1113 1416; x_wconf 87' lang='lat' dir='ltr'><strong>factam,</strong></span> <span class='ocrx_word' id='word_1_163' title='bbox 1150 1369 1263 1407; x_wconf 89' lang='lat' dir='ltr'><strong>facile</strong></span> <span class='ocrx_word' id='word_1_164' title='bbox 1302 1368 1588 1407; x_wconf 86' lang='lat' dir='ltr'><strong>honestissimis</strong></span> 
     </span>
    </p>

    <p class='ocr_par' dir='ltr' id='par_1_16' title="bbox 253 1433 1651 1484">
     <span class='ocr_line' id='line_1_21' title="bbox 253 1433 1651 1484; baseline -0.001 -13"><span class='ocrx_word' id='word_1_165' title='bbox 253 1433 418 1472; x_wconf 83' lang='lat' dir='ltr'><strong>testibus</strong></span> <span class='ocrx_word' id='word_1_166' title='bbox 447 1433 490 1474; x_wconf 87' lang='lat' dir='ltr'><strong>in</strong></span> <span class='ocrx_word' id='word_1_167' title='bbox 519 1448 558 1472; x_wconf 92' lang='lat' dir='ltr'><strong>re</strong></span> <span class='ocrx_word' id='word_1_168' title='bbox 587 1433 792 1484; x_wconf 85' lang='lat' dir='ltr'><strong>perspicua</strong></span> <span class='ocrx_word' id='word_1_169' title='bbox 822 1441 1046 1473; x_wconf 90' lang='lat' dir='ltr'><strong>tenerentur</strong></span> <span class='ocrx_word' id='word_1_170' title='bbox 1061 1449 1071 1482; x_wconf 80' lang='lat'><strong>,-</strong></span> <span class='ocrx_word' id='word_1_171' title='bbox 1102 1434 1161 1472; x_wconf 90' lang='lat' dir='ltr'><strong>sin</strong></span> <span class='ocrx_word' id='word_1_172' title='bbox 1192 1434 1360 1473; x_wconf 77' lang='lat' dir='ltr'><strong>consessi</strong></span> <span class='ocrx_word' id='word_1_173' title='bbox 1390 1441 1520 1473; x_wconf 90' lang='lat' dir='ltr'><strong>essent</strong></span> <span class='ocrx_word' id='word_1_174' title='bbox 1550 1442 1588 1473; x_wconf 91' lang='lat' dir='ltr'><strong>et</strong></span> <span class='ocrx_word' id='word_1_175' title='bbox 1610 1448 1651 1470; x_wconf 89' lang='lat'><strong>20</strong></span> 
     </span>
    </p>

    <p class='ocr_par' dir='ltr' id='par_1_17' title="bbox 253 1497 1588 1550">
     <span class='ocr_line' id='line_1_22' title="bbox 253 1497 1588 1550; baseline 0.001 -14"><span class='ocrx_word' id='word_1_176' title='bbox 253 1497 292 1537; x_wconf 91' lang='lat' dir='ltr'><strong>id</strong></span> <span class='ocrx_word' id='word_1_177' title='bbox 331 1499 440 1548; x_wconf 88' lang='lat' dir='ltr'><strong>quod</strong></span> <span class='ocrx_word' id='word_1_178' title='bbox 481 1500 589 1538; x_wconf 91' lang='lat' dir='ltr'><strong>nullo</strong></span> <span class='ocrx_word' id='word_1_179' title='bbox 623 1507 800 1550; x_wconf 90' lang='lat' dir='ltr'><strong>tempore</strong></span> <span class='ocrx_word' id='word_1_180' title='bbox 840 1499 921 1538; x_wconf 90' lang='lat' dir='ltr'><strong>iure</strong></span> <span class='ocrx_word' id='word_1_181' title='bbox 955 1499 1037 1537; x_wconf 89' lang='lat' dir='ltr'><strong>fieri</strong></span> <span class='ocrx_word' id='word_1_182' title='bbox 1072 1507 1201 1550; x_wconf 89' lang='lat' dir='ltr'><strong>potest</strong></span> <span class='ocrx_word' id='word_1_183' title='bbox 1233 1507 1316 1538; x_wconf 91' lang='lat' dir='ltr'><strong>tum</strong></span> <span class='ocrx_word' id='word_1_184' title='bbox 1348 1500 1398 1538; x_wconf 86' lang='lat' dir='ltr'><strong>ab</strong></span> <span class='ocrx_word' id='word_1_185' title='bbox 1433 1513 1474 1538; x_wconf 90' lang='lat' dir='ltr'><strong>se</strong></span> <span class='ocrx_word' id='word_1_186' title='bbox 1506 1499 1588 1538; x_wconf 91' lang='lat' dir='ltr'><strong>iure</strong></span> 
     </span>
    </p>

    <p class='ocr_par' dir='ltr' id='par_1_18' title="bbox 252 1564 1584 1615">
     <span class='ocr_line' id='line_1_23' title="bbox 252 1564 1584 1615; baseline 0.001 -13"><span class='ocrx_word' id='word_1_187' title='bbox 252 1564 399 1602; x_wconf 86' lang='lat' dir='ltr'><strong>sactum</strong></span> <span class='ocrx_word' id='word_1_188' title='bbox 428 1575 515 1603; x_wconf 89' lang='lat' dir='ltr'><strong>esse</strong></span> <span class='ocrx_word' id='word_1_189' title='bbox 543 1565 813 1612; x_wconf 88' lang='lat' dir='ltr'><strong>defenderent,</strong></span> <span class='ocrx_word' id='word_1_190' title='bbox 837 1572 1052 1615; x_wconf 87' lang='lat' dir='ltr'><strong>sperarunt,</strong></span> <span class='ocrx_word' id='word_1_191' title='bbox 1074 1564 1115 1603; x_wconf 90' lang='lat' dir='ltr'><strong>id</strong></span> <span class='ocrx_word' id='word_1_192' title='bbox 1143 1566 1251 1614; x_wconf 84' lang='lat' dir='ltr'><strong>quod</strong></span> <span class='ocrx_word' id='word_1_193' title='bbox 1279 1564 1455 1603; x_wconf 86' lang='lat' dir='ltr'><strong>adsecuti</strong></span> <span class='ocrx_word' id='word_1_194' title='bbox 1483 1572 1584 1614; x_wconf 87' lang='lat' dir='ltr'><strong>sunt,</strong></span> 
     </span>
    </p>

    <p class='ocr_par' dir='ltr' id='par_1_19' title="bbox 250 1628 1647 1872">
     <span class='ocr_line' id='line_1_24' title="bbox 252 1628 1586 1670; baseline 0.002 -4"><span class='ocrx_word' id='word_1_195' title='bbox 252 1641 294 1667; x_wconf 87' lang='lat' dir='ltr'><strong>se</strong></span> <span class='ocrx_word' id='word_1_196' title='bbox 322 1628 534 1670; x_wconf 87' lang='lat' dir='ltr'><strong>iniecturos</strong></span> <span class='ocrx_word' id='word_1_197' title='bbox 555 1629 666 1668; x_wconf 91' lang='lat' dir='ltr'><strong>vobis</strong></span> <span class='ocrx_word' id='word_1_198' title='bbox 691 1643 849 1668; x_wconf 86' lang='lat' dir='ltr'><strong>causam</strong></span> <span class='ocrx_word' id='word_1_199' title='bbox 881 1629 1126 1668; x_wconf 90' lang='lat' dir='ltr'><strong>deliberandi</strong></span> <span class='ocrx_word' id='word_1_200' title='bbox 1152 1638 1190 1668; x_wconf 87' lang='lat' dir='ltr'><strong>et</strong></span> <span class='ocrx_word' id='word_1_201' title='bbox 1214 1629 1416 1668; x_wconf 90' lang='lat' dir='ltr'><strong>iudicandi</strong></span> <span class='ocrx_word' id='word_1_202' title='bbox 1445 1630 1586 1669; x_wconf 87' lang='lat' dir='ltr'><strong>iustam</strong></span> 
     </span>
     <span class='ocr_line' id='line_1_25' title="bbox 251 1694 1585 1745; baseline 0.002 -14"><span class='ocrx_word' id='word_1_203' title='bbox 251 1706 403 1732; x_wconf 89' lang='lat' dir='ltr'><strong>moram</strong></span> <span class='ocrx_word' id='word_1_204' title='bbox 437 1707 485 1733; x_wconf 88' lang='lat' dir='ltr'><strong>ac</strong></span> <span class='ocrx_word' id='word_1_205' title='bbox 514 1694 753 1744; x_wconf 88' lang='lat' dir='ltr'><strong>religionem.</strong></span> <span class='ocrx_word' id='word_1_206' title='bbox 825 1695 949 1733; x_wconf 88' lang='lat' dir='ltr'><strong>Simul</strong></span> <span class='ocrx_word' id='word_1_207' title='bbox 989 1695 1085 1734; x_wconf 91' lang='lat' dir='ltr'><strong>illud</strong></span> <span class='ocrx_word' id='word_1_208' title='bbox 1121 1697 1242 1745; x_wconf 55' lang='lat' dir='ltr'><strong>quod*</strong></span> <span class='ocrx_word' id='word_1_209' title='bbox 1268 1694 1585 1745; x_wconf 87' lang='lat' dir='ltr'><strong>indignissimum</strong></span> 
     </span>
     <span class='ocr_line' id='line_1_26' title="bbox 250 1759 1647 1811; baseline -0.001 -13"><span class='ocrx_word' id='word_1_210' title='bbox 250 1766 308 1799; x_wconf 90' lang='lat' dir='ltr'><strong>est</strong></span> <span class='ocrx_word' id='word_1_211' title='bbox 327 1759 505 1799; x_wconf 83' lang='lat' dir='ltr'><strong>futurum</strong></span> <span class='ocrx_word' id='word_1_212' title='bbox 531 1759 703 1798; x_wconf 88' lang='lat' dir='ltr'><strong>arbitrati</strong></span> <span class='ocrx_word' id='word_1_213' title='bbox 726 1767 826 1807; x_wconf 88' lang='lat' dir='ltr'><strong>sunt,</strong></span> <span class='ocrx_word' id='word_1_214' title='bbox 850 1768 892 1798; x_wconf 89' lang='lat' dir='ltr'><strong>ut</strong></span> <span class='ocrx_word' id='word_1_215' title='bbox 914 1760 953 1798; x_wconf 90' lang='lat' dir='ltr'><strong>in</strong></span> <span class='ocrx_word' id='word_1_216' title='bbox 981 1762 1054 1799; x_wconf 92' lang='lat' dir='ltr'><strong>hac</strong></span> <span class='ocrx_word' id='word_1_217' title='bbox 1076 1774 1193 1799; x_wconf 89' lang='lat' dir='ltr'><strong>causa</strong></span> <span class='ocrx_word' id='word_1_218' title='bbox 1220 1774 1301 1798; x_wconf 93' lang='lat' dir='ltr'><strong>non</strong></span> <span class='ocrx_word' id='word_1_219' title='bbox 1322 1762 1372 1799; x_wconf 87' lang='lat' dir='ltr'><strong>de</strong></span> <span class='ocrx_word' id='word_1_220' title='bbox 1400 1760 1586 1811; x_wconf 90' lang='lat' dir='ltr'><strong>improbi-</strong></span> <span class='ocrx_word' id='word_1_221' title='bbox 1607 1774 1647 1807; x_wconf 85' lang='lat'><strong>²5</strong></span> 
     </span>
     <span class='ocr_line' id='line_1_27' title="bbox 250 1824 1583 1872; baseline 0.002 -9"><span class='ocrx_word' id='word_1_222' title='bbox 250 1831 330 1863; x_wconf 87' lang='lat' dir='ltr'><strong>tate</strong></span> <span class='ocrx_word' id='word_1_223' title='bbox 357 1826 443 1864; x_wconf 86' lang='lat' dir='ltr'><strong>Sex.</strong></span> <span class='ocrx_word' id='word_1_224' title='bbox 468 1824 627 1872; x_wconf 88' lang='lat' dir='ltr'><strong>Aebuti,</strong></span> <span class='ocrx_word' id='word_1_225' title='bbox 650 1827 719 1864; x_wconf 89' lang='lat' dir='ltr'><strong>sed</strong></span> <span class='ocrx_word' id='word_1_226' title='bbox 745 1827 795 1864; x_wconf 94' lang='lat' dir='ltr'><strong>de</strong></span> <span class='ocrx_word' id='word_1_227' title='bbox 823 1825 905 1864; x_wconf 90' lang='lat' dir='ltr'><strong>iure</strong></span> <span class='ocrx_word' id='word_1_228' title='bbox 926 1825 1028 1864; x_wconf 90' lang='lat' dir='ltr'><strong>civili</strong></span> <span class='ocrx_word' id='word_1_229' title='bbox 1056 1825 1246 1864; x_wconf 90' lang='lat' dir='ltr'><strong>iudicium</strong></span> <span class='ocrx_word' id='word_1_230' title='bbox 1274 1826 1355 1864; x_wconf 88' lang='lat' dir='ltr'><strong>fieri</strong></span> <span class='ocrx_word' id='word_1_231' title='bbox 1378 1826 1583 1866; x_wconf 86' lang='lat' dir='ltr'><strong>videretur.</strong></span> 
     </span>
    </p>

    <p class='ocr_par' dir='ltr' id='par_1_20' title="bbox 213 1889 1645 2136">
     <span class='ocr_line' id='line_1_28' title="bbox 213 1889 1583 1941; baseline 0.001 -14"><span class='ocrx_word' id='word_1_232' title='bbox 213 1903 230 1934; x_wconf 84' lang='lat'>5</span> <span class='ocrx_word' id='word_1_233' title='bbox 251 1890 343 1938; x_wconf 84' lang='lat' dir='ltr'><strong>Qua</strong></span> <span class='ocrx_word' id='word_1_234' title='bbox 371 1890 410 1928; x_wconf 93' lang='lat' dir='ltr'><strong>in</strong></span> <span class='ocrx_word' id='word_1_235' title='bbox 437 1902 487 1938; x_wconf 90' lang='lat' dir='ltr'><strong>re,</strong></span> <span class='ocrx_word' id='word_1_236' title='bbox 514 1889 545 1928; x_wconf 89' lang='lat' dir='ltr'><strong>si</strong></span> <span class='ocrx_word' id='word_1_237' title='bbox 576 1890 671 1928; x_wconf 90' lang='lat' dir='ltr'><strong>mihi</strong></span> <span class='ocrx_word' id='word_1_238' title='bbox 703 1898 804 1929; x_wconf 89' lang='lat' dir='ltr'><strong>esset</strong></span> <span class='ocrx_word' id='word_1_239' title='bbox 833 1890 949 1929; x_wconf 89' lang='lat' dir='ltr'><strong>unius</strong></span> <span class='ocrx_word' id='word_1_240' title='bbox 970 1893 1018 1930; x_wconf 92' lang='lat' dir='ltr'><strong>A.</strong></span> <span class='ocrx_word' id='word_1_241' title='bbox 1050 1890 1246 1941; x_wconf 87' lang='lat' dir='ltr'><strong>Caecinae</strong></span> <span class='ocrx_word' id='word_1_242' title='bbox 1276 1904 1393 1929; x_wconf 87' lang='lat' dir='ltr'><strong>causa</strong></span> <span class='ocrx_word' id='word_1_243' title='bbox 1418 1892 1583 1941; x_wconf 90' lang='lat' dir='ltr'><strong>agenda,</strong></span> 
     </span>
     <span class='ocr_line' id='line_1_29' title="bbox 249 1953 1585 2007; baseline 0.001 -15"><span class='ocrx_word' id='word_1_244' title='bbox 249 1953 453 2004; x_wconf 85' lang='lat' dir='ltr'><strong>profiterer</strong></span> <span class='ocrx_word' id='word_1_245' title='bbox 490 1954 582 1993; x_wconf 84' lang='lat' dir='ltr'><strong>satis</strong></span> <span class='ocrx_word' id='word_1_246' title='bbox 623 1955 812 1994; x_wconf 91' lang='lat' dir='ltr'><strong>idoneum</strong></span> <span class='ocrx_word' id='word_1_247' title='bbox 852 1969 938 1994; x_wconf 91' lang='lat' dir='ltr'><strong>esse</strong></span> <span class='ocrx_word' id='word_1_248' title='bbox 977 1969 1040 1995; x_wconf 91' lang='lat' dir='ltr'><strong>me</strong></span> <span class='ocrx_word' id='word_1_249' title='bbox 1078 1956 1339 2003; x_wconf 89' lang='lat' dir='ltr'><strong>defensorem,</strong></span> <span class='ocrx_word' id='word_1_250' title='bbox 1380 1964 1585 2007; x_wconf 89' lang='lat' dir='ltr'><strong>propterea</strong></span> 
     </span>
     <span class='ocr_line' id='line_1_30' title="bbox 250 2020 1582 2072; baseline 0.002 -14"><span class='ocrx_word' id='word_1_251' title='bbox 250 2021 360 2070; x_wconf 88' lang='lat' dir='ltr'><strong>quod</strong></span> <span class='ocrx_word' id='word_1_252' title='bbox 395 2020 514 2058; x_wconf 89' lang='lat' dir='ltr'><strong>fidem</strong></span> <span class='ocrx_word' id='word_1_253' title='bbox 546 2034 674 2058; x_wconf 86' lang='lat' dir='ltr'><strong>meam</strong></span> <span class='ocrx_word' id='word_1_254' title='bbox 709 2020 1033 2071; x_wconf 87' lang='lat' dir='ltr'><strong>diligentiamque</strong></span> <span class='ocrx_word' id='word_1_255' title='bbox 1062 2028 1298 2071; x_wconf 88' lang='lat' dir='ltr'><strong>praestarem</strong></span> <span class='ocrx_word' id='word_1_256' title='bbox 1314 2035 1324 2069; x_wconf 79' lang='lat'><strong>,-</strong></span> <span class='ocrx_word' id='word_1_257' title='bbox 1362 2035 1463 2072; x_wconf 87' lang='lat' dir='ltr'><strong>quae</strong></span> <span class='ocrx_word' id='word_1_258' title='bbox 1492 2035 1582 2060; x_wconf 92' lang='lat' dir='ltr'><strong>cum</strong></span> 
     </span>
     <span class='ocr_line' id='line_1_31' title="bbox 249 2084 1645 2136; baseline 0.001 -13"><span class='ocrx_word' id='word_1_259' title='bbox 249 2090 343 2123; x_wconf 85' lang='lat' dir='ltr'><strong>sunt</strong></span> <span class='ocrx_word' id='word_1_260' title='bbox 371 2084 411 2123; x_wconf 88' lang='lat' dir='ltr'><strong>in</strong></span> <span class='ocrx_word' id='word_1_261' title='bbox 442 2092 574 2123; x_wconf 91' lang='lat' dir='ltr'><strong>actore</strong></span> <span class='ocrx_word' id='word_1_262' title='bbox 606 2098 757 2133; x_wconf 88' lang='lat' dir='ltr'><strong>causae,</strong></span> <span class='ocrx_word' id='word_1_263' title='bbox 787 2085 883 2123; x_wconf 86' lang='lat' dir='ltr'><strong>nihil</strong></span> <span class='ocrx_word' id='word_1_264' title='bbox 911 2093 968 2124; x_wconf 87' lang='lat' dir='ltr'><strong>est</strong></span> <span class='ocrx_word' id='word_1_265' title='bbox 995 2085 1034 2123; x_wconf 90' lang='lat' dir='ltr'><strong>in</strong></span> <span class='ocrx_word' id='word_1_266' title='bbox 1059 2099 1099 2124; x_wconf 89' lang='lat' dir='ltr'><strong>re</strong></span> <span class='ocrx_word' id='word_1_267' title='bbox 1126 2085 1351 2136; x_wconf 88' lang='lat' dir='ltr'><strong>praesertim</strong></span> <span class='ocrx_word' id='word_1_268' title='bbox 1379 2093 1512 2136; x_wconf 84' lang='lat' dir='ltr'><strong>aperta</strong></span> <span class='ocrx_word' id='word_1_269' title='bbox 1537 2099 1583 2125; x_wconf 86' lang='lat' dir='ltr'><strong>ac</strong></span> <span class='ocrx_word' id='word_1_270' title='bbox 1603 2099 1645 2132; x_wconf 87' lang='lat'><strong>30</strong></span> 
     </span>
    </p>
   </div>
   <div class='ocr_carea' id='block_1_3' title="bbox 213 1088 238 1179">
    <p class='ocr_par' dir='ltr' id='par_1_21' title="bbox 213 1088 238 1179">
     <span class='ocr_line' id='line_1_32' title="bbox 213 1088 238 1115; baseline 0 0"><span class='ocrx_word' id='word_1_271' title='bbox 213 1088 238 1115; x_wconf 86' lang='lat'>2</span> 
     </span>
     <span class='ocr_line' id='line_1_33' title="bbox 215 1149 236 1179; baseline 0 -10"><span class='ocrx_word' id='word_1_272' title='bbox 215 1149 236 1179; x_wconf 89' lang='lat'>4</span> 
     </span>
    </p>
   </div>
   <div class='ocr_carea' id='block_1_4' title="bbox 249 2188 1584 2318">
    <p class='ocr_par' dir='ltr' id='par_1_22' title="bbox 249 2188 1584 2318">
     <span class='ocr_line' id='line_1_34' title="bbox 297 2188 1584 2230; baseline 0.003 -12"><span class='ocrx_word' id='word_1_273' title='bbox 297 2198 310 2218; x_wconf 92' lang='lat'>1</span> <span class='ocrx_word' id='word_1_274' title='bbox 337 2198 399 2219; x_wconf 87' lang='lat' dir='ltr'><strong>nos</strong></span> <span class='ocrx_word' id='word_1_275' title='bbox 423 2188 516 2220; x_wconf 85' lang='lat' dir='ltr'><strong>TEe:</strong></span> <span class='ocrx_word' id='word_1_276' title='bbox 539 2199 606 2220; x_wconf 87' lang='lat' dir='ltr'><strong>om.</strong></span> <span class='ocrx_word' id='word_1_277' title='bbox 627 2192 691 2221; x_wconf 81' lang='lat' dir='ltr'><strong>cett.</strong></span> <span class='ocrx_word' id='word_1_278' title='bbox 818 2201 837 2228; x_wconf 86' lang='lat'>4</span> <span class='ocrx_word' id='word_1_279' title='bbox 862 2189 980 2230; x_wconf 85' lang='lat' dir='ltr'><strong>atque]</strong></span> <span class='ocrx_word' id='word_1_280' title='bbox 997 2200 1107 2229; x_wconf 88' lang='lat' dir='ltr'><strong>neque</strong></span> <span class='ocrx_word' id='word_1_281' title='bbox 1124 2189 1221 2220; x_wconf 75' lang='lat' dir='ltr'><strong>eM¹oe</strong></span> <span class='ocrx_word' id='word_1_282' title='bbox 1311 2194 1392 2221; x_wconf 87' lang='lat' dir='ltr'><strong>tunc</strong></span> <span class='ocrx_word' id='word_1_283' title='bbox 1407 2190 1453 2221; x_wconf 70' lang='lat' dir='ltr'><strong>mk</strong></span> <span class='ocrx_word' id='word_1_284' title='bbox 1562 2192 1584 2222; x_wconf 90' lang='lat'>8</span> 
     </span>
     <span class='ocr_line' id='line_1_35' title="bbox 249 2232 1581 2274; baseline 0.002 -12"><span class='ocrx_word' id='word_1_285' title='bbox 249 2232 302 2262; x_wconf 84' lang='lat' dir='ltr'><strong>sin</strong></span> <span class='ocrx_word' id='word_1_286' title='bbox 321 2232 417 2271; x_wconf 87' lang='lat' dir='ltr'><strong>probi</strong></span> <span class='ocrx_word' id='word_1_287' title='bbox 435 2232 674 2273; x_wconf 76' lang='lat' dir='ltr'><strong>Pantagathus</strong></span> <span class='ocrx_word' id='word_1_288' title='bbox 780 2243 818 2263; x_wconf 89' lang='lat'><strong>12</strong></span> <span class='ocrx_word' id='word_1_289' title='bbox 843 2234 991 2265; x_wconf 87' lang='lat' dir='ltr'><strong>creditur</strong></span> <span class='ocrx_word' id='word_1_290' title='bbox 1013 2234 1119 2274; x_wconf 80' lang='lat' dir='ltr'><strong>suppl.</strong></span> <span class='ocrx_word' id='word_1_291' title='bbox 1136 2234 1243 2266; x_wconf 81' lang='lat' dir='ltr'><strong>Faber</strong></span> <span class='ocrx_word' id='word_1_292' title='bbox 1355 2243 1391 2273; x_wconf 87' lang='lat'><strong>15</strong></span> <span class='ocrx_word' id='word_1_293' title='bbox 1415 2235 1581 2265; x_wconf 84' lang='lat' dir='ltr'><strong>actionem</strong></span> 
     </span>
     <span class='ocr_line' id='line_1_36' title="bbox 250 2275 1580 2318; baseline 0.002 -12"><span class='ocrx_word' id='word_1_294' title='bbox 250 2285 371 2307; x_wconf 85' lang='lat' dir='ltr'><strong>causae</strong></span> <span class='ocrx_word' id='word_1_295' title='bbox 394 2275 467 2307; x_wconf 87' lang='lat' dir='ltr'><strong>TE:</strong></span> <span class='ocrx_word' id='word_1_296' title='bbox 493 2285 616 2308; x_wconf 84' lang='lat' dir='ltr'><strong>causae</strong></span> <span class='ocrx_word' id='word_1_297' title='bbox 633 2277 799 2307; x_wconf 85' lang='lat' dir='ltr'><strong>actionem</strong></span> <span class='ocrx_word' id='word_1_298' title='bbox 817 2281 883 2308; x_wconf 78' lang='lat' dir='ltr'><strong>cett.</strong></span> <span class='ocrx_word' id='word_1_299' title='bbox 1019 2287 1057 2307; x_wconf 83' lang='lat'><strong>21</strong></span> <span class='ocrx_word' id='word_1_300' title='bbox 1085 2277 1171 2318; x_wconf 86' lang='lat' dir='ltr'><strong>tum]</strong></span> <span class='ocrx_word' id='word_1_301' title='bbox 1189 2282 1301 2308; x_wconf 82' lang='lat' dir='ltr'><strong>tamen</strong></span> <span class='ocrx_word' id='word_1_302' title='bbox 1320 2277 1411 2308; x_wconf 71' lang='lat' dir='ltr'><strong>Ecwle</strong></span> <span class='ocrx_word' id='word_1_303' title='bbox 1539 2288 1580 2318; x_wconf 85' lang='lat'><strong>27</strong></span> 
     </span>
    </p>
   </div>
   <div class='ocr_carea' id='block_1_5' title="bbox 249 2319 1399 2360">
    <p class='ocr_par' dir='ltr' id='par_1_23' title="bbox 249 2319 1399 2360">
     <span class='ocr_line' id='line_1_37' title="bbox 249 2319 1399 2360; baseline 0.002 -10"><span class='ocrx_word' id='word_1_304' title='bbox 249 2329 314 2359; x_wconf 80' lang='lat' dir='ltr'><strong>qua</strong></span> <span class='ocrx_word' id='word_1_305' title='bbox 330 2329 366 2350; x_wconf 88' lang='lat' dir='ltr'><strong>re</strong></span> <span class='ocrx_word' id='word_1_306' title='bbox 383 2319 473 2350; x_wconf 81' lang='lat' dir='ltr'><strong>Bake</strong></span> <span class='ocrx_word' id='word_1_307' title='bbox 603 2330 647 2360; x_wconf 84' lang='lat'><strong>30</strong></span> <span class='ocrx_word' id='word_1_308' title='bbox 670 2321 737 2351; x_wconf 88' lang='lat' dir='ltr'><strong>sint</strong></span> <span class='ocrx_word' id='word_1_309' title='bbox 755 2321 810 2352; x_wconf 62' lang='grc' dir='ltr'><strong>ως</strong></span> <span class='ocrx_word' id='word_1_310' title='bbox 900 2326 1037 2352; x_wconf 84' lang='lat' dir='ltr'><strong>auctore</strong></span> <span class='ocrx_word' id='word_1_311' title='bbox 1055 2321 1142 2353; x_wconf 78' lang='lat' dir='ltr'><strong>codd.</strong></span> <span class='ocrx_word' id='word_1_312' title='bbox 1162 2333 1168 2352; x_wconf 89' lang='lat'>:</span> <span class='ocrx_word' id='word_1_313' title='bbox 1195 2331 1274 2353; x_wconf 81' lang='lat' dir='ltr'><strong>corr.</strong></span> <span class='ocrx_word' id='word_1_314' title='bbox 1296 2321 1341 2353; x_wconf 81' lang='lat' dir='ltr'><strong>ed.</strong></span> <span class='ocrx_word' id='word_1_315' title='bbox 1368 2322 1399 2352; x_wconf 87' lang='lat' dir='ltr'><em>V</em></span> 
     </span>
    </p>
   </div>
  </div>
 </body>
</html>
