1716 2662
88 484 105 514 5

72 810 108 832 [Ο

376 101 450 138 DE
481 101 627 138 LEGE
659 101 916 138 AGRARIA
947 101 1164 139 ORATIO
1197 102 1213 138 Ι
1436 111 1459 150 7
1481 118 1516 138 21

128 210 209 248 illa-
229 225 330 261 quae
370 225 487 250 nemo
532 219 590 249 est
635 210 731 261 quin
775 210 1000 261 gravissime
1046 219 1084 249 et
1127 210 1324 250 verissime
1369 225 1460 249 con-

127 276 235 325 queri
275 276 408 326 possit,
449 291 522 314 nos
561 284 678 326 caput
713 276 924 326 patrimoni
959 275 1118 325 publici,
1156 276 1457 326 pulcherrimam

126 340 262 391 populi
285 341 455 379 Romani
484 341 786 391 possessionem,
810 340 1030 379 subsidium
1059 354 1250 387 annonae,
1276 341 1457 378 horreum

127 405 229 452 belli,
256 406 330 444 sub
360 405 471 456 signo
501 405 758 456 claustrisque
787 405 840 444 rei
876 405 1058 455 publicae
1090 405 1261 455 positum
1295 404 1458 455 vectigal

126 484 276 509 servare
315 485 394 509 non
433 471 620 521 potuisse,
656 485 748 509 eum
780 470 953 521 denique
986 484 1057 508 nos
1091 484 1225 521 agrum
1262 472 1302 508 1³.
1338 472 1458 509 Rullo

124 535 376 583 concessisse,
401 535 466 585 qui
487 549 578 585 ager
604 535 688 586 ipse
715 549 783 585 per
809 549 894 573 sese
921 543 959 574 et
987 536 1168 573 Sullanae
1197 534 1458 574 dominationi

125 609 163 640 ct
185 603 453 640 Gracchorum
475 601 669 652 largitioni
689 601 890 640 restitisset
909 616 918 648 3
948 615 1028 639 non
1054 601 1145 640 dico
1173 603 1299 639 solum
1322 601 1397 639 hoc
1418 600 1458 638 in

125 680 165 705 re
195 666 352 716 publica
380 666 545 716 vectigal
575 681 660 705 esse
690 667 800 716 quod
825 665 979 704 amissis
1006 665 1090 704 aliis
1112 673 1322 712 remaneat,
1345 665 1458 704 inter-

126 732 252 770 missis
273 746 353 771 non
375 732 645 782 conquiescat,
663 732 703 771 in
731 746 828 782 pace
856 731 989 779 niteat,
1015 731 1054 769 in
1077 732 1181 770 bello
1204 745 1284 770 non
1307 732 1457 770 obsole-

125 805 217 844 scat,
251 797 415 835 militem
445 805 647 844 sustentet,
680 798 835 835 hostem
870 811 950 835 non
986 796 1235 847 pertimescat
1251 811 1261 845 3
1292 804 1457 847 praeter-

125 862 238 901 mitto
276 876 436 901 omnem
477 863 580 901 hanc
619 862 838 900 orationem
877 870 915 901 et
954 862 1131 901 contioni
1177 875 1358 910 reservo3
1404 864 1455 901 de

124 927 298 978 periculo
318 927 453 966 salutis
472 941 519 966 ac
539 927 727 966 libertatis
748 929 898 977 loquor.
960 927 1068 976 Quid
1093 926 1198 965 enim
1227 926 1452 965 existimatis
1475 942 1512 963 22

123 992 316 1042 integrum
337 993 449 1031 vobis
470 993 510 1031 in
537 1007 577 1032 re
604 992 763 1043 publica
790 994 871 1031 fore
898 1000 964 1031 aut
992 992 1031 1030 in
1054 1000 1180 1031 vestra
1207 992 1384 1031 libertate
1407 1006 1454 1031 ac

123 1057 312 1107 dignitate
332 1058 547 1105 retinenda,
571 1072 661 1096 cum
685 1060 825 1096 Rullus
852 1066 971 1107 atque
997 1057 1031 1096 ei
1060 1071 1159 1108 quos
1188 1059 1312 1096 multo
1335 1059 1455 1108 magis

123 1137 241 1173 quam
265 1125 426 1161 Rullum
455 1123 599 1161 timetis
627 1137 717 1161 cum
746 1123 854 1161 omni
883 1122 1081 1173 egentium
1110 1131 1228 1172 atque
1259 1122 1456 1172 improbo-

122 1202 207 1227 rum
229 1202 358 1235 manu,
383 1202 473 1227 cum
495 1188 680 1227 omnibus
701 1187 836 1237 copiis,
860 1202 949 1226 cum
979 1187 1087 1226 omni
1115 1195 1276 1238 argento
1304 1196 1341 1226 et
1360 1202 1456 1226 auro

124 1255 301 1304 Capuam
322 1262 361 1292 et
381 1253 487 1291 urbis
508 1253 611 1292 circa
632 1254 812 1303 Capuam
834 1252 1092 1303 occuparint?

178 1318 253 1357 His
292 1332 365 1369 ego
404 1319 530 1365 rebus,
566 1326 694 1368 patres
727 1317 952 1368 conscripti,
985 1318 1162 1356 resistam
1202 1319 1456 1357 vehementer

121 1392 240 1435 atque
273 1384 411 1423 acriter
440 1398 570 1434 neque
599 1383 722 1434 patiar
751 1383 933 1422 homines
963 1398 1009 1422 ea
1039 1397 1102 1422 me
1132 1385 1294 1422 consule
1324 1397 1456 1434 expro-

65 1463 78 1484 2
124 1464 228 1488 mere
276 1464 377 1499 quae
425 1457 562 1488 contra
608 1463 690 1487 rem
740 1448 938 1499 publicam
983 1449 1060 1487 iam
1109 1448 1178 1487 diu
1222 1449 1452 1499 cogitarunt.

125 1514 299 1561 Errastis,
325 1516 452 1560 Rulle,
476 1516 729 1553 vehementer
757 1522 795 1552 et
826 1522 865 1551 tu
894 1521 931 1552 et
959 1528 1038 1552 11011
1067 1514 1161 1552 nulli
1187 1515 1373 1564 conlegae
1398 1513 1453 1552 tui
1476 1522 1515 1553 ²3

123 1579 189 1630 qui
211 1579 392 1630 sperastis
413 1593 482 1617 vos
503 1587 639 1617 contra
667 1581 870 1617 consulem
893 1578 1063 1625 veritate,
1089 1593 1169 1617 non
1191 1578 1454 1617 ostentatione

123 1646 352 1695 popularem
382 1658 497 1694 posse
527 1644 566 1682 in
597 1645 809 1683 evertenda
839 1658 878 1682 re
907 1643 1065 1694 publica
1094 1646 1301 1694 populares
1331 1643 1455 1682 existi-

124 1710 230 1749 mari.
290 1712 461 1749 Lacesso
494 1724 575 1758 vos,
608 1710 648 1748 in
682 1709 910 1748 contionem
943 1723 1053 1756 voco,
1089 1711 1237 1760 populo
1270 1711 1455 1747 Romano

124 1775 385 1825 disceptatore
415 1776 471 1814 uti
501 1777 602 1815 volo.
662 1775 837 1823 Etenim,
857 1783 899 1813 ut
930 1774 1290 1824 circumspiciamus
1322 1774 1455 1813 omnia
1480 1775 1503 1812 8

122 1855 223 1890 quae
246 1843 393 1892 populo
422 1850 530 1892 grata
558 1849 676 1891 atque
703 1840 877 1879 iucunda
907 1848 1006 1887 sunt,
1031 1839 1127 1878 nibil
1157 1847 1234 1878 tam
1266 1841 1454 1890 populare

123 1920 241 1955 quam
273 1921 423 1957 pacem,
456 1921 574 1957 quam
607 1907 872 1952 concordiam,
899 1919 1017 1956 quam
1049 1905 1171 1943 otium
1203 1905 1450 1955 reperiemus.

123 1971 338 2010 Sollicitam
369 1972 464 2010 mihi
492 1974 688 2011 civitatem
717 1971 950 2022 suspicione,
975 1985 1204 2021 suspensam
1232 1978 1349 2018 metu,
1371 1984 1453 2020 per-

122 2036 317 2075 turbatam
349 2036 484 2075 vestris
518 2037 669 2088 legibus
708 2045 746 2075 et
784 2035 1037 2075 contionibus
1069 2043 1106 2074 et
1145 2034 1451 2074 deductionibus

170 2151 183 2172 1
210 2139 305 2180 quin]
323 2140 400 2179 quia
419 2139 452 2171 E
536 2140 734 2180 gravissima
753 2145 786 2170 et
802 2139 979 2170 verissima
996 2137 1084 2169 codd.
1102 2151 1107 2169 2
1131 2149 1210 2169 corr.
1230 2137 1278 2169 cd.
1302 2137 1334 2167 V
1431 2148 1449 2175 4

124 2185 171 2214 rei
191 2184 240 2225 p.]
261 2194 292 2223 p.
309 2184 349 2214 R.
364 2183 395 2213 E
525 2193 542 2222 7
567 2184 675 2214 solum
693 2184 755 2214 hoc
771 2184 841 2214 Ecn
857 2195 862 2213 :
888 2183 951 2213 hoc
969 2182 1076 2212 solum
1095 2186 1158 2212 cclt.
1276 2190 1314 2210 12
1339 2181 1451 2211 existi-

123 2228 241 2258 mastis
258 2227 291 2257 E
405 2237 444 2266 13
468 2226 564 2257 vobis
578 2227 672 2266 Eexn
691 2238 697 2257 z
722 2227 818 2258 nobis
835 2230 899 2257 cett.
1017 2235 1053 2263 14
1080 2226 1258 2256 retinenda
1276 2224 1326 2265 (-Ξ1
1342 2225 1372 2264 e)
1385 2222 1449 2254 Ee:

125 2270 334 2301 retinendum
353 2274 419 2302 cell.
571 2281 607 2310 17
633 2270 801 2312 Capuam]
828 2281 900 2301 eam
925 2269 971 2300 Ev
1098 2270 1137 2299 18
1161 2268 1240 2309 ego]
1269 2278 1348 2307 crgo
1372 2267 1455 2298 EeN

123 2324 164 2345 20
188 2314 251 2345 iarn
267 2325 332 2345 om.
350 2314 386 2344 N
472 2314 651 2353 cogitarint
667 2313 754 2345 codd.
775 2325 781 2344 :
805 2324 882 2344 corr.
904 2312 1126 2344 Lanredanus
1225 2322 1263 2343 21
1291 2310 1454 2342 errastiE

123 2368 163 2397 25
190 2359 431 2397 perspiciamus
449 2357 480 2387 E
624 2360 666 2388 26
689 2358 756 2388 sint
773 2357 819 2387 Ec
965 2367 1007 2396 29
1031 2355 1284 2387 deductionibus
1301 2355 1449 2395 Kayser:

123 2401 350 2433 deditionibus
369 2401 605 2441 (seditionibus
622 2402 661 2441 ς,
680 2401 859 2443 Angclms)
879 2400 967 2432 codd.
