1716 2662
383 104 455 140 DE
487 102 632 140 LEGE
664 103 921 140 AGRARIA
952 103 1169 141 ORATIO
1203 104 1241 140 ΙΙ
1427 104 1473 139 16
1495 117 1536 149 43

149 216 266 254 xviris
301 215 474 266 conlegis
506 215 584 254 suis
619 214 819 261 iudicabit,
857 222 895 254 et
929 222 1058 253 utrum
1094 214 1312 253 iudicabit?
1369 215 1473 253 Nam

148 289 357 331 utrumque
379 281 431 320 ita
452 294 639 331 magnum
669 287 727 319 est
755 287 796 319 ut
822 281 930 318 nullo
956 280 1077 319 modo
1104 292 1233 330 neque
1254 280 1475 319 conceden-

147 347 242 384 dum
278 360 407 396 neque
440 347 646 384 ferendum
681 345 740 384 sit.
799 346 917 384 Volet
947 358 1032 384 esse
1061 344 1286 396 popularis;
1324 346 1474 396 populo

149 412 332 449 Romano
362 410 616 449 adiudicabit.
676 412 780 461 Ergo
810 410 916 449 idern
941 424 987 449 ex
1011 423 1080 449 sua
1107 411 1192 461 lege
1221 410 1366 449 vendet
1385 411 1476 448 Ale-

108 490 125 521 5
146 477 372 517 xandream.
392 477 536 514 vendet
557 478 791 527 Aegyptum,
814 475 920 514 urbis
941 475 1235 526 copiosissimae
1265 474 1475 526 pulcherri-

147 554 380 591 morumque
408 554 589 591 agrorum
620 540 751 588 iudex,
784 540 936 586 arbiter,
974 540 1170 588 dominus,
1207 554 1272 579 rex
1301 539 1474 590 denique

145 606 430 656 opulentissimi
471 606 577 655 regni
612 605 833 655 reperietur.
895 606 987 643 Non
1027 613 1154 644 sumet
1193 604 1266 643 sibi
1306 612 1470 651 tantum,

146 684 226 709 non
255 679 413 722 appetet
428 685 439 719 ;
478 670 669 709 iudicabit
697 671 986 709 Alexandream
1016 670 1115 720 regis
1145 683 1241 717 esse,
1272 682 1295 708 a
1323 671 1472 720 populo
1492 705 1533 744 17

147 738 332 775 Romano
379 736 633 775 abiudicabit.
709 734 883 774 Primum
928 749 996 774 cur
1035 737 1079 773 de
1121 734 1258 786 populi
1298 735 1470 773 Romani
1489 767 1530 798 44

87 819 126 841 ιο
145 802 362 841 hereditate
392 802 491 840 xviri
527 801 713 850 iudicent,
750 814 841 839 cum
876 814 945 839 vos
987 800 1185 840 volueritis
1224 801 1275 839 de
1314 800 1471 851 privatis
1530 797 1536 800 ⁶

144 867 427 906 hereditatibus
459 867 586 905 cviros
622 867 824 905 iudicare?
883 865 1042 905 Deinde
1068 866 1156 916 quis
1188 873 1277 916 aget
1311 878 1471 904 causam

144 932 280 984 populi
311 931 512 970 Romani?
556 932 623 970 ubi
655 944 714 970 res
746 931 820 970 ista
845 932 1013 981 agetur?
1052 930 1119 981 qui
1144 938 1235 969 sunt
1266 929 1328 969 isti
1360 930 1471 978 xviri,

145 1010 244 1048 quos
279 996 563 1047 prospiciamus
593 1009 756 1047 regnum
787 997 1058 1035 Alexandreae
1094 997 1326 1034 Ptolomaeo
1355 994 1472 1046 gratis

143 1062 466 1101 adiudicaturos?
523 1063 645 1110 Quod
683 1063 714 1100 si
753 1063 1001 1101 Alexandrea
1035 1062 1252 1112 petebatur,
1285 1074 1353 1100 cur
1391 1073 1471 1099 non

89 1142 126 1175 ¹5
146 1127 307 1166 eosdem
342 1140 477 1165 cursus
513 1127 589 1164 hoc
624 1134 801 1177 tempore
835 1140 935 1177 quos
968 1129 1009 1165 L.
1043 1128 1163 1166 Cotta
1193 1128 1235 1164 L.
1268 1127 1474 1176 Torquato

145 1192 373 1230 consulibus
398 1193 682 1230 cucurrerunt?
711 1205 779 1230 cur
804 1205 883 1230 non
914 1199 1047 1242 aperte
1077 1199 1119 1230 ut
1148 1199 1274 1238 antea,
1297 1204 1365 1229 cur
1391 1204 1472 1228 non

146 1258 238 1296 item
268 1265 310 1296 ut
340 1265 435 1303 tum,
457 1258 617 1295 derecto
642 1264 680 1295 et
704 1258 834 1307 palam
864 1256 1065 1308 regionem
1096 1256 1201 1295 illam
1223 1255 1473 1307 petiverunt?

145 1336 193 1361 an
224 1323 290 1373 qui
320 1322 459 1368 etesiis,
483 1322 549 1372 qui
576 1335 643 1372 per
672 1335 829 1360 cursum
859 1330 1009 1360 rectum
1040 1335 1202 1372 regnum
1233 1329 1365 1360 tenere
1392 1334 1472 1359 non

146 1395 367 1437 potuerunt,
391 1400 497 1424 nunc
524 1387 651 1424 caeeis
677 1386 849 1425 tenebris
871 1394 909 1425 et
930 1386 1096 1437 caligine
1121 1400 1162 1425 se
1184 1387 1472 1425 Alexandream

89 1469 128 1491 20
147 1460 399 1502 perventuros
447 1451 623 1489 arbitrati
663 1453 786 1489 sunt?
861 1454 994 1501 Atque
1042 1451 1138 1489 illud
1186 1450 1473 1501 circumspicite
1492 1459 1531 1491 45

145 1516 281 1556 vestris
311 1516 509 1555 mentibus
539 1529 627 1560 una,
652 1516 835 1565 Quirites.
896 1518 1064 1566 Legatos
1095 1524 1259 1562 nostros,
1292 1515 1474 1554 homines

146 1581 376 1620 auctoritate
410 1581 528 1628 tenui,
566 1580 632 1630 qui
668 1594 796 1619 rerum
837 1581 1071 1631 privatarum
1108 1594 1225 1619 causa
1257 1580 1472 1631 legationes

147 1646 286 1685 liberas
318 1647 477 1692 obeunt,
512 1654 643 1684 tamen
679 1654 831 1685 exterae
866 1646 1045 1685 nationes
1078 1648 1174 1684 ferre
1204 1645 1265 1683 vix
1294 1652 1471 1695 possunt.

149 1712 275 1750 Grave
305 1718 362 1749 est
387 1710 491 1749 enim
522 1724 669 1749 nomen
697 1710 834 1761 imperi
864 1720 983 1761 atque
1014 1710 1054 1749 id
1082 1710 1197 1749 etiam
1224 1710 1263 1748 in
1291 1710 1364 1749 levi
1391 1723 1473 1760 per-

89 1795 104 1817 2
112 1795 128 1826 5
150 1790 246 1815 sona
267 1776 560 1827 pertimescitur,
584 1784 788 1827 propterea
814 1778 922 1827 quod
943 1784 1081 1823 vestro,
1105 1789 1185 1814 non
1207 1789 1278 1814 suo
1298 1774 1470 1821 nomine,

148 1855 238 1880 cum
260 1842 352 1880 hinc
373 1842 513 1892 egressi
541 1850 641 1889 sunt,
665 1842 891 1881 abutuntur.
952 1841 1061 1891 Quid
1091 1840 1269 1887 censetis,
1293 1854 1383 1879 curn
1411 1840 1472 1878 isti

149 1908 246 1946 xviri
286 1921 377 1946 cum
412 1907 587 1958 imperio,
625 1921 715 1946 cum
751 1908 933 1956 fascibus,
971 1921 1061 1946 cum
1099 1907 1163 1945 illa
1202 1907 1355 1945 delecta
1392 1904 1474 1944 fini-

195 2022 207 2042 1
236 2017 346 2042 utrum
366 2011 559 2042 Puteanus:
583 2021 698 2042 verum
714 2011 801 2044 codd.
939 2023 957 2050 4
983 2010 1186 2042 abiudicabit
1204 2008 1250 2040 Ee
1382 2019 1399 2048 7
1425 2018 1474 2038 rc-

149 2055 301 2095 perietnr
321 2053 388 2092 >4²⁶5
404 2066 410 2085 z
435 2056 603 2094 reperitur
620 2059 685 2087 rell.
830 2066 850 2094 9
875 2066 933 2086 cur
951 2054 1110 2095 Pluygers
1129 2065 1134 2084 :
1161 2058 1227 2083 tum
1245 2051 1334 2083 codd.
1433 2052 1474 2081 de

151 2099 264 2138 populi
285 2098 324 2130 R.
346 2098 534 2129 hereditate
551 2099 630 2131 coni,
652 2097 794 2129 lllz'illrr:
821 2099 935 2139 populi
957 2098 997 2129 R.
1015 2098 1237 2128 hereditatem
1254 2095 1342 2126 codd.
1438 2104 1475 2133 13

151 2142 396 2182 perspiciamus
415 2141 501 2172 codd.
525 2152 532 2171 ε
551 2152 628 2172 corr.
646 2142 743 2172 Klots
881 2144 916 2172 16
941 2152 1000 2172 cur
1016 2153 1081 2172 om.
1103 2139 1203 2171 ΕεΜι
1344 2147 1380 2177 17
1403 2142 1474 2168 tum

149 2184 200 2215 E:
225 2195 298 2216 cum
315 2189 379 2216 cett.
486 2185 624 2215 derecto
643 2184 784 2216 Mz'iller:
810 2186 949 2215 decreto
967 2184 1056 2216 codd.
1073 2197 1079 2214 :
1106 2185 1236 2214 directo
1256 2179 1476 2213 Laurcdanus

150 2229 339 2267 petiverunt
355 2228 469 2268 scripsi
484 2240 490 2258 z
514 2229 683 2267 petierunt
701 2227 790 2260 codd.
929 2230 965 2258 18
990 2228 1112 2267 quietis
1131 2227 1169 2256 iis
1187 2226 1242 2266 qui
1257 2225 1348 2256 codd.
1363 2235 1369 2255 ε
1393 2234 1471 2256 corr.

99 2297 103 2300 .
153 2271 350 2302 Gulielmius
465 2281 502 2310 19
527 2271 615 2302 cecis
634 2271 715 2311 Lag.
735 2281 778 2311 9:
801 2272 880 2301 tetis
895 2271 942 2301 M¹
960 2282 966 2301 :
992 2271 1087 2301 tetris
1105 2274 1171 2300 cett.
1277 2279 1315 2300 21
1342 2276 1475 2307 unaque

152 2317 265 2354 (atque
281 2316 311 2356 e)
328 2314 414 2347 codd.
435 2326 441 2345 :
465 2325 543 2347 corr.
565 2313 736 2346 Turnebus
752 2326 759 2345 ε
785 2315 975 2354 animisque
993 2312 1214 2344 Lam-edanus
1341 2318 1475 2342 nostros

152 2356 237 2388 Em:
267 2363 398 2389 vestros
418 2358 510 2395 Msu‘s‘

194 2424 254 2443 mr.
277 2423 318 2443 rw*
339 2423 421 2443 rtur
442 2424 518 2443 Λαῐῑ.
1350 2413 1387 2439 ¹⁰
