1747 2620
587 101 644 140 M.
676 102 846 140 TVLLI
878 102 1184 142 CICERONIS

216 225 291 250 nec
323 210 523 262 municipi,
560 211 789 263 praesertim
829 214 880 252 de
919 226 984 251 me
1023 212 1172 264 optime
1207 212 1345 261 meriti,
1381 212 1549 264 dignitas

217 276 374 328 patitur.
433 277 596 327 (Ascon.
623 292 654 316 2.
684 278 762 329 22.)

277 356 333 380 10.
368 341 449 380 Hic
478 356 570 380 curn
598 356 622 381 a
653 344 775 382 domo
799 343 994 394 profectus
1028 342 1252 383 Placentiae
1286 344 1385 382 forte
1419 355 1554 382 conse-

217 406 348 454 disset,
371 406 507 458 paucis
526 413 620 457 post
644 409 761 446 amzt's
789 407 829 446 in
860 422 948 447 eam
978 408 1326 448 civitatem—nam
1358 415 1441 446 tum
1472 415 1553 446 erat

216 502 475 512 .........
479 472 723 512 —ascendit.
766 472 879 512 Prius
900 473 1007 513 enim
1028 474 1178 521 Gallus,
1199 473 1292 512 dein
1314 473 1550 520 Gallicanus,
1573 487 1590 519 5

216 546 391 577 extremo
414 538 666 577 Placentinus
688 538 824 577 haberi
845 545 990 589 coeptus
1010 546 1078 578 est.
1140 538 1304 590 (Ascon.
1328 552 1363 586 4.
1387 539 1441 589 3.)

276 618 331 642 11.
366 604 534 642 Insuber
580 603 742 654 quidam
782 603 865 650 fuit,
905 604 1012 644 idem
1060 612 1253 643 mercator
1301 611 1339 643 et
1383 617 1553 655 praeco:

215 668 246 708 is
276 683 367 707 cum
400 671 572 708 Romam
601 683 692 708 cum
721 669 800 708 filia
830 669 1012 717 venisset,
1034 671 1330 709 adulescentem
1361 668 1551 716 nobilem,

217 734 431 775 Caesonini
461 734 633 774 hominis
664 735 896 774 furacissimi
929 735 1062 782 filium,
1099 749 1217 773 ausus
1256 742 1315 774 est
1353 735 1551 785 appellare

215 801 318 850 elque
339 799 458 838 filiam
480 800 713 839 conlocavit.
780 800 1030 841 Calventium
1052 800 1163 839 aiunt
1183 813 1275 838 eum
1295 801 1548 850 appellatum.
1574 816 1611 837 10

216 866 379 916 (Ascon.
417 878 449 916 5.
486 866 751 917 3.)—-homini
794 866 869 906 levi
909 874 947 905 et
987 865 1118 904 subito
1157 865 1277 904 filiam
1317 864 1551 904 conlocavit.

216 931 347 981 (Arus.
373 933 493 970 Mess.
517 931 570 969 K.
592 930 654 968 vii.
679 929 789 981 462.)

274 1011 332 1035 12.
367 996 562 1035 Maiorem
593 995 668 1035 sibi
700 996 868 1035 Insuber
907 995 971 1035 ille
1010 1009 1106 1035 avus
1143 995 1357 1047 adoptavit.
1416 994 1548 1045 (Arus.

217 1062 324 1112 496)
1165 1068 1172 1076 '

273 1141 331 1176 13.
366 1125 591 1165 Lautiorem
626 1156 917 1165 ........
950 1133 1060 1177 pater
1093 1133 1183 1164 tuus
1217 1138 1397 1164 socerum
1432 1137 1550 1174 quam
1574 1140 1610 1172 15

216 1194 260 1232 C.
282 1192 372 1231 Piso
403 1222 775 1231 ..........
808 1192 848 1230 in
870 1191 936 1230 illo
951 1193 1058 1230 luctu
1076 1204 1177 1229 meo.
1239 1190 1285 1229 Ei
1303 1190 1407 1228 enim
1430 1189 1549 1227 filiam

217 1271 346 1296 meam
378 1257 583 1296 conlocavi
614 1271 732 1308 quem
764 1271 848 1307 ego,
870 1258 909 1296 st‘
934 1258 1033 1295 milti
1059 1264 1233 1306 potestas
1265 1263 1348 1294 tum
1370 1255 1549 1294 omnium

216 1322 362 1369 fuisset,
396 1336 520 1361 unum
555 1322 804 1373 potissimum
834 1322 1079 1372 delegissem.
1143 1320 1305 1370 (Ascon.
1341 1334 1375 1367 4.
1418 1321 1550 1368 16.)—

216 1401 339 1426 unum
362 1387 611 1438 potissimum
633 1386 879 1438 delegissem.
942 1388 1050 1436 (Cus.
1077 1386 1133 1437 8.)

275 1465 331 1500 14.
364 1454 423 1491 Te
455 1460 521 1490 tua
552 1452 617 1490 illa
649 1452 783 1491 nescio
817 1451 961 1502 quibus
993 1465 1015 1490 a
1047 1450 1156 1490 terris
1189 1458 1394 1501 apportata
1428 1456 1550 1489 mater
1573 1465 1612 1486 20

216 1518 411 1568 pecudem
451 1531 497 1555 ex
535 1518 634 1564 alvo,
677 1530 758 1556 non
798 1516 1002 1555 hominem
1042 1515 1234 1563 effuderit.
1306 1517 1416 1565 (Cus.
1441 1514 1551 1565 9.)—

214 1596 316 1634 quae
337 1590 374 1622 te
395 1583 552 1621 beluam
576 1597 622 1622 ex
643 1590 767 1631 utero,
788 1596 869 1621 non
891 1581 1095 1621 hominem
1116 1581 1228 1620 fudit.
1286 1580 1409 1632 (Serv.
1433 1582 1547 1632 Verg.

215 1649 311 1687 Aen.
334 1647 410 1686 viii.
441 1648 545 1699 139.)

274 1725 330 1764 15.
364 1714 467 1753 Cum
488 1713 559 1752 tibi
581 1720 663 1752 tota
683 1712 867 1764 cognatio
894 1725 1047 1752 serraco
1075 1712 1304 1751 advehatur.
1364 1709 1548 1762 (Quintil.

214 1778 291 1817 viii.
311 1792 344 1829 3.
372 1779 450 1827 21.)
1570 1794 1608 1826 25

276 1846 333 1881 16.
367 1843 557 1882 Simulata
577 1843 659 1890 ista,
685 1844 787 1891 ficta,
807 1844 937 1883 fucata
959 1850 1049 1882 sunt
1070 1841 1215 1881 omnia.
1275 1841 1386 1893 (Cus.
1411 1841 1487 1891 10.)

275 1919 332 1957 17.
366 1908 502 1946 Putavi
541 1916 739 1947 austerum
786 1908 1001 1955 hominem,
1043 1908 1175 1958 putavi
1215 1906 1375 1954 tristem,
1416 1905 1549 1957 putavi

214 1987 382 2024 gravem,
406 1975 475 2012 sed
498 1973 613 2013 video
644 1975 878 2022 adulterum,
901 1974 1018 2013 video
1038 1987 1272 2024 ganeonem,
1292 1972 1409 2011 video
1429 1971 1550 2022 parie-

258 2088 277 2116 3
294 2089 312 2108 a
324 2078 422 2109 domo
442 2079 612 2118 profectus
626 2079 709 2110 KS:
734 2079 775 2110 ad
789 2089 842 2110 om
859 2102 866 2110 .
886 2103 892 2110 .
908 2103 914 2109 .
932 2102 938 2109 .
958 2078 1046 2109 codd.
1117 2077 1204 2108 soret
1216 2077 1370 2108 consedit
1387 2083 1419 2108 et
1437 2077 1525 2108 codd.
1542 2088 1548 2107 :

215 2133 294 2153 corr.
315 2121 495 2152 Manutius
613 2134 631 2161 4
658 2128 729 2153 erat
742 2146 928 2153 .........
949 2122 1036 2152 codd.
1056 2133 1062 2152 2
1089 2121 1205 2152 civitas
1223 2121 1331 2161 suppl.
1352 2121 1549 2152 Manutius:

216 2166 324 2196 incola
342 2166 446 2205 suppl.
463 2164 652 2196 Illommscn
802 2177 821 2205 5
847 2166 975 2196 Gallica
988 2188 1127 2196 .......
1145 2170 1318 2195 extremus
1337 2165 1550 2195 Placentinus

217 2209 329 2239 haberi
347 2232 571 2240 .........
592 2214 643 2239 est
661 2209 749 2240 codd.
768 2220 774 2239 :
798 2209 904 2250 suppl.
925 2209 1103 2240 Manutius
1246 2216 1262 2246 7
1289 2208 1422 2238 intuber
1438 2208 1525 2238 codd.
1543 2219 1549 2237 :

216 2262 292 2282 corr.
309 2253 353 2282 cd.
380 2253 410 2281 V
519 2254 539 2283 8
566 2252 634 2282 filio
652 2253 738 2283 codd.
756 2264 761 2282 :
787 2263 865 2283 corr.
882 2252 1060 2283 Manutius
1175 2262 1196 2290 9
1221 2251 1412 2282 caesoniani
1432 2250 1520 2281 codd.
1543 2262 1549 2280 ε

216 2307 293 2326 corr.
317 2295 507 2326 Mommsen
668 2307 706 2326 10
731 2297 829 2334 eique
847 2295 954 2336 suppl.
971 2296 1094 2325 Rmkcs
1193 2295 1416 2325 calventinum
1435 2294 1522 2325 codd.
1543 2305 1549 2324 ε

216 2349 293 2370 corr.
312 2339 358 2369 ed.
379 2339 458 2370 Ald.
555 2341 593 2369 16
619 2350 702 2370 mco.
753 2339 791 2369 Ei
809 2339 943 2379 scripsi:
969 2349 1035 2369 non
1054 2338 1145 2369 enim
1164 2338 1211 2379 (ei
1229 2338 1273 2379 P)
1291 2338 1378 2368 codd.
1511 2347 1547 2377 17

216 2382 245 2413 si
264 2382 343 2412 mihi
361 2382 510 2423 supplevi
