1716 2662
94 457 112 488 5

78 779 118 805 10'

81 1430 121 1452 20

81 1757 121 1789 25

447 66 557 105 PRO
587 66 632 105 C.
666 65 905 102 RAfflRlo
937 65 1153 102 oim'mo
1429 74 1456 110 4
1480 79 1519 110 15

135 178 263 218 omnis
301 185 339 218 et
378 178 659 229 suppliciorum
699 184 737 216 et
775 176 983 216 verborum
1022 175 1254 215 acerbitates
1294 189 1375 213 non
1411 189 1458 213 ex

135 243 324 282 memoria
362 251 489 282 vestra
524 257 571 281 ac
606 250 760 294 patrum
800 248 1017 280 vestrorum
1061 242 1130 280 sed
1174 255 1221 279 ex
1259 239 1459 279 annalium

134 309 402 348 monumentis
440 317 560 359 atque
598 322 645 347 cx
688 321 820 357 regum
861 305 1154 345 commentariis
1193 304 1459 355 conquisierit,

134 388 207 424 ego
227 373 412 412 omnibus
433 372 529 411 meis
547 372 701 423 opibus,
723 371 908 411 omnibus
933 370 1121 418 consiliis,
1141 370 1326 409 omnibus
1347 369 1461 408 dictis

132 446 252 489 atque
279 438 388 477 sactis
413 437 660 489 repugnarim
690 444 728 475 et
754 435 960 475 restiterim
985 434 1236 474 crudelitati?
1265 434 1338 472 nisi
1365 435 1462 472 forte

133 505 236 542 hanc
260 502 538 542 condicionem
558 502 670 541 vobis
698 516 783 540 esse
803 500 917 539 voltis
939 514 1057 551 quam
1085 499 1195 547 servi,
1217 499 1248 538 si
1274 499 1461 538 libertatis

134 583 244 619 spem
274 568 515 620 propositam
541 581 621 606 non
650 568 851 614 haberent,
880 567 978 605 ferre
1003 567 1112 604 nullo
1137 566 1258 604 modo
1287 572 1458 615 possent.

135 635 281 673 Misera
302 642 359 673 est
380 622 595 684 ignominia
622 632 858 671 iudiciorum
879 630 1140 682 publicorum,
1165 630 1305 669 misera
1326 631 1462 668 multa-

135 699 191 739 tio
204 701 413 747 bonorum,
432 698 618 737 miserum
637 697 815 737 exsilium
831 712 841 745 3
869 698 939 736 sed
962 704 1093 735 tamen
1115 695 1155 734 in
1179 695 1288 734 omni
1309 694 1463 733 calami-

134 773 213 804 tate
242 764 428 804 retinetur
460 763 621 814 aliquod
650 762 857 813 vestigium
891 762 1090 801 libertatis.
1151 764 1261 800 Mors
1291 761 1463 811 denique

135 830 166 869 si
208 830 449 881 proponitur,
495 829 535 867 in
578 829 756 867 libertate
804 827 1026 876 moriamur,
1074 827 1244 866 carnifex
1291 841 1383 866 vero
1426 835 1464 865 et

136 895 328 934 obductio
350 893 487 945 capitis
520 901 558 933 et
593 907 741 932 nomen
776 893 906 943 ipsum
939 892 1063 931 crucis
1090 892 1192 931 absit
1225 906 1306 931 non
1342 893 1463 931 modo

135 975 159 999 a
196 974 359 1010 corpore
395 959 539 998 civium
580 961 852 997 Romanorum
892 960 962 998 sed
1000 958 1118 997 etiam
1156 972 1180 997 a
1213 958 1461 1008 cogitatione,

136 1025 269 1072 oculis,
307 1024 477 1063 auribus.
539 1026 693 1062 Harum
723 1023 828 1062 enim
855 1023 1034 1062 omnium
1063 1038 1190 1063 rerum
1222 1037 1303 1062 non
1336 1025 1463 1062 solum

136 1099 298 1131 eventus
332 1098 450 1140 atque
489 1089 689 1140 perpessio
721 1090 791 1128 sed
831 1089 949 1128 etiam
981 1088 1176 1136 condicio,
1213 1088 1463 1139 exspectatio,

137 1155 286 1194 mentio
315 1155 398 1205 ipsa
428 1154 600 1204 denique
633 1153 793 1204 indigna
824 1153 908 1192 cive
940 1155 1126 1193 Romano
1155 1161 1274 1204 atque
1304 1154 1466 1192 homine

137 1221 259 1259 libero
291 1227 359 1258 cst.
420 1222 483 1257 An
518 1232 610 1258 vero
649 1232 781 1257 servos
821 1226 974 1257 nostros
1010 1220 1151 1257 horum
1185 1219 1465 1270 suppliciorum

137 1285 315 1323 omnium
342 1292 448 1324 metu
478 1285 731 1323 dominorum
762 1283 981 1334 benignitas
1003 1283 1177 1322 vindicta
1203 1298 1281 1322 una
1305 1284 1468 1333 liberat3

139 1365 210 1389 nos
237 1364 260 1389 a
283 1349 519 1396 verberibus,
547 1349 597 1387 ab
626 1362 740 1395 unco,
767 1362 791 1387 a
818 1348 943 1387 crucis
969 1348 1141 1399 denique
1167 1357 1310 1388 terrore
1339 1363 1468 1400 neque

139 1430 197 1454 res
221 1423 352 1466 gestae
386 1429 515 1464 neque
541 1422 630 1452 acta
659 1421 765 1452 aetas
801 1428 930 1463 neque
958 1415 1073 1452 vestri
1102 1415 1271 1453 honores
1300 1414 1470 1453 vindica-

140 1482 267 1520 bunt?
314 1482 446 1529 Quam
467 1479 519 1518 ob
541 1493 621 1518 rem
644 1481 765 1517 fateor
785 1486 904 1529 atque
924 1478 1054 1525 etiam,
1078 1479 1262 1526 Labiene,
1286 1481 1470 1529 profiteor

139 1554 177 1586 et
197 1560 289 1597 prae
309 1559 373 1584 1116
397 1547 478 1584 fero
500 1553 537 1583 te
558 1559 604 1583 ex
629 1544 693 1583 illa
714 1544 873 1592 crudeli,
899 1544 1134 1595 importuna,
1158 1558 1238 1583 non
1262 1544 1471 1583 tribunicia

137 1612 293 1650 actione
327 1612 397 1650 sed
431 1610 544 1661 regia,
584 1624 672 1649 11160
708 1610 883 1656 consilio,
922 1609 1073 1656 virtute,
1117 1609 1347 1648 auctoritate
1385 1624 1471 1649 esse

139 1678 358 1728 depulsum.
420 1679 511 1725 Qua
540 1683 581 1713 tu
608 1675 647 1713 in
676 1675 831 1714 actione
862 1688 1103 1725 quamquam
1132 1675 1265 1713 omnia
1293 1677 1471 1725 exempla

142 1742 344 1789 maiorum,
368 1741 496 1780 omnis
521 1743 636 1791 leges,
660 1755 820 1780 omnem
851 1742 1123 1779 auctoritatem
1150 1748 1319 1788 senatus,
1342 1740 1470 1779 omnis

141 1807 345 1858 religiones
370 1815 488 1857 atque
509 1806 773 1856 auspiciorum
803 1806 961 1857 publica
989 1805 1071 1844 iura
1102 1805 1316 1855 neglexisti,
1339 1813 1469 1844 tamen

85 1883 93 1889 ²
139 1887 163 1911 a
194 1887 256 1912 me
283 1874 380 1911 haec
415 1872 455 1910 in
486 1873 562 1909 hoc
590 1878 668 1909 tam
701 1871 841 1922 exiguo
871 1885 961 1910 11160
991 1879 1168 1921 tempore
1200 1885 1279 1910 non
1309 1870 1469 1919 audies,

142 1937 307 1976 liberum
329 1945 484 1987 tempus
506 1936 619 1975 nobis
642 1936 798 1975 dabitur
818 1937 869 1975 ad
890 1936 1003 1975 istam
1025 1935 1365 1986 disceptationem.

197 2004 315 2041 Nunc
357 2004 408 2041 de
451 2001 648 2040 Saturnini
694 2001 856 2040 crimine
900 2016 946 2040 ac
994 2003 1045 2041 de
1091 2000 1292 2039 clarissimi
1342 2000 1468 2051 patrui

191 2117 203 2137 1
232 2106 411 2137 verborum
427 2105 516 2146 b²cop
536 2117 542 2136 ε
567 2105 744 2137 verberum
762 2110 826 2138 cett.
977 2115 995 2135 ε
1019 2110 1204 2136 vestrorum
1218 2105 1297 2145 pff:
1322 2109 1469 2135 vestrum

144 2154 208 2182 cell.
344 2152 364 2180 6
386 2150 482 2180 vobis
499 2150 546 2181 ³23·
561 2161 567 2179 2
593 2149 687 2180 nobis
704 2153 768 2180 cell.
888 2159 924 2178 12
949 2149 1111 2188 obnuptio
1125 2149 1362 2188 Pantagathus
1433 2150 1470 2178 18

145 2194 292 2224 vindicta
311 2204 376 2223 una
398 2193 444 2223 V:
477 2203 542 2223 una
559 2193 708 2223 vindicta
725 2197 789 2223 cell.
883 2192 1002 2223 liberat
1027 2192 1077 2222 V:
1101 2191 1254 2222 liberavit
1271 2195 1336 2222 cell.
1356 2202 1362 2221 :
1388 2191 1470 2222 libe-

148 2237 231 2268 rabit
249 2237 433 2267 Lambinus
562 2248 603 2267 20
628 2237 732 2267 nostri
751 2236 825 2266 ss²b¹
960 2246 997 2266 21
1027 2234 1171 2266 Labiene
1193 2234 1241 2264 V:
1265 2234 1302 2265 T.
1324 2235 1471 2266 Labiene

147 2284 210 2311 cett.
367 2291 407 2310 22
433 2279 629 2310 crudelitate
646 2279 726 2320 ὁιιιψ
888 2280 930 2310 26
953 2279 1099 2320 publica]
1119 2278 1214 2319 plura
1232 2278 1280 2308 111²
1296 2289 1302 2310 :
1337 2289 1402 2309 om.
1421 2278 1471 2310 ος

97 2339 100 2343 ’
148 2335 187 2363 27
214 2324 314 2366 hacc]
333 2324 394 2355 hoc
412 2326 437 2354 Ω
454 2335 478 2355 s.
499 2323 519 2355 l.
539 2323 617 2363 (om.
639 2333 683 2355 m.
708 2325 740 2364 1)

1485 632 1524 663 16

1492 2034 1528 2063 18
