1716 2662
470 89 581 127 PRO
612 89 655 127 L.
689 87 907 128 FLACCO
936 87 1154 126 ORATIO
1417 88 1471 126 26
1491 94 1529 126 61

145 197 254 237 inviti
276 197 421 245 vident,
445 198 484 237 in
508 213 554 237 ea
582 212 621 237 re
644 197 803 249 publica
831 199 881 236 ad
911 211 1029 247 quam
1059 197 1361 248 opprimendam
1391 211 1471 236 non

144 263 298 302 animus
328 263 394 312 eis,
427 264 497 302 sed
525 263 624 302 vires
658 264 900 302 defuerunt?
957 261 1163 313 Aspiciant
1197 263 1303 301 hunc
1335 264 1471 302 florem

144 330 361 380 legatorum
408 329 736 378 laudatorumque
786 326 914 365 Flacci
954 341 1000 366 ex
1039 341 1128 366 vera
1166 335 1285 378 atque
1325 326 1473 377 integra

145 394 337 442 Graecia,
367 401 451 432 tum
481 407 521 432 se
551 392 623 444 ipsi
654 393 889 443 expendant,
909 400 993 430 tum
1020 406 1110 431 cum
1139 392 1200 431 his
1229 400 1470 443 comparent,

106 476 123 508 5
144 466 241 506 tum,
262 458 292 497 si
313 458 528 505 audebunt,
551 457 729 507 dignitati
752 458 892 496 horum
914 465 1157 507 anteponant
1178 471 1302 497 suam.

197 525 356 563 Adsunt
388 523 661 570 Athenienses,
698 524 804 561 unde
839 522 1074 569 humanitas,
1105 523 1294 570 doctrina,
1324 521 1471 573 religio,
1492 532 1530 563 62

144 591 282 640 fruges,
312 589 403 636 iura,
436 590 540 639 leges
570 597 677 626 ortae
706 596 825 638 atque
855 587 894 625 in
925 587 1053 625 omnis
1087 595 1205 626 terras
1239 588 1473 627 distributae

143 662 352 705 putantur,
381 655 432 692 de
461 666 627 703 quorum
659 652 765 691 urbis
796 652 1046 702 possessione
1077 661 1233 704 propter
1262 653 1471 704 pulchritu-

143 720 278 759 dinem
299 719 415 758 etiam
437 718 537 757 inter
557 720 653 758 deos
674 726 872 757 certarnen
893 718 1011 757 fuisse
1039 718 1237 769 proditum
1259 727 1342 767 est;
1370 733 1472 770 quae

87 798 126 820 10
144 792 335 824 vetustate
355 798 401 823 ea
428 792 485 823 est
510 792 552 822 ut
579 783 663 834 ipsa
687 798 733 822 ex
760 797 844 822 sese
865 797 956 822 suos
979 783 1072 822 civis
1092 784 1273 834 genuisse
1294 785 1469 831 ducatur,

143 858 181 889 et
201 863 338 889 eorum
365 850 506 889 eadem
529 857 628 888 terra
658 863 808 900 parens,
830 848 951 895 altrix,
975 849 1098 900 patria
1124 849 1286 896 dicatur,
1308 850 1473 889 auctori-

144 924 222 954 tate
241 923 373 954 autem
405 922 513 953 tanta
536 923 594 954 est
623 922 665 953 ut
695 915 773 953 iam
799 916 964 953 fractum
996 927 1119 965 prope
1144 927 1193 954 ac
1223 915 1471 954 debilitatum

144 980 332 1019 Graeciae
361 994 509 1020 nomen
538 979 653 1019 huius
682 979 787 1018 urbis
808 980 924 1018 laude
952 979 1106 1018 nitatur.
1166 982 1323 1020 Adsunt
1355 982 1472 1020 Lace·
1492 990 1532 1030 63,

143 1045 354 1093 daemonii,
386 1046 497 1085 cuius
527 1045 693 1084 civitatis
723 1053 897 1096 spectata
927 1059 974 1083 ac
1006 1045 1212 1084 nobilitata
1241 1046 1360 1085 virtus
1389 1060 1470 1085 non

87 1128 122 1160 15
144 1113 272 1150 solum
299 1119 440 1150 natura
466 1111 717 1149 corroborata
746 1124 880 1149 verum
913 1110 1029 1149 etiam
1052 1111 1259 1161 disciplina
1289 1119 1474 1162 putatur3

142 1176 210 1226 qui
231 1176 302 1215 soli
324 1184 408 1214 toto
428 1177 524 1215 orbe
552 1184 737 1213 terrarum
768 1174 1037 1225 septingentos
1059 1175 1134 1213 iarn
1156 1190 1282 1215 annos
1302 1176 1472 1227 amplius

142 1242 230 1281 unis
252 1242 426 1280 moribus
447 1249 485 1280 et
506 1254 723 1291 numquam
745 1240 904 1279 mutatis
935 1241 1086 1290 legibus
1108 1241 1253 1280 vivunt.
1314 1242 1473 1280 Adsunt

143 1321 190 1346 ex
222 1306 374 1345 Achaia
404 1313 547 1345 cuncta
582 1305 694 1344 multi
718 1305 844 1356 legati,
877 1305 1054 1352 Boeotia,
1081 1306 1296 1354 Thessalia,
1328 1306 1472 1357 quibus

144 1371 241 1411 locis
275 1385 399 1422 nuper
437 1373 585 1422 legatus
625 1372 790 1409 Flaccus
828 1370 1061 1421 imperatore
1095 1373 1260 1410 Metello
1294 1371 1470 1422 praefuit.

86 1455 127 1478 20
147 1439 288 1488 Neque
304 1451 395 1476 vero
416 1445 464 1484 te,
481 1435 667 1484 Massilia,
683 1443 884 1486 praetereo
898 1449 999 1486 quae
1017 1438 1059 1474 L.
1078 1438 1262 1475 Flaccum
1277 1438 1473 1475 tribunum

146 1502 312 1541 militum
338 1509 666 1552 quaestoremque
696 1500 901 1550 cognosti;
930 1500 1040 1539 cuius
1070 1515 1143 1552 ego
1175 1501 1340 1541 civitatis
1361 1501 1474 1541 disci-

143 1568 290 1619 plinam
312 1575 430 1618 atque
450 1567 677 1617 gravitatem
699 1580 779 1604 non
801 1567 927 1604 solum
951 1567 1152 1614 Graeciae,
1174 1569 1243 1606 sed
1263 1569 1369 1606 haud
1391 1567 1473 1606 scio

142 1648 193 1673 an
225 1632 376 1672 cunctis
407 1631 589 1683 gentibus
622 1632 942 1681 anteponendam
971 1631 1052 1670 iure
1080 1631 1233 1681 dicamg
1263 1646 1363 1683 quae
1393 1640 1472 1671 tam

144 1701 278 1750 procul
295 1713 317 1736 a
331 1700 571 1737 Graecorum
586 1695 765 1735 omnium
781 1696 1015 1746 regionibus,
1033 1696 1248 1747 disciplinis
1260 1697 1473 1748 linguaque

86 1780 124 1812 25
144 1764 268 1802 divisa
283 1777 374 1803 cum
398 1763 436 1801 in
459 1762 605 1801 ultimis
628 1761 736 1800 terris
759 1761 888 1800 cincta
910 1763 1114 1800 Gallorum
1136 1763 1317 1812 gentibus
1339 1763 1474 1802 barba-

143 1828 221 1867 riae
238 1829 420 1867 fluctibus
436 1829 625 1874 adluatur,
647 1826 700 1865 sic
719 1826 969 1877 optimatium
987 1826 1153 1865 consilio
1173 1828 1411 1877 gubernatur
1431 1836 1473 1867 ut

143 1908 283 1933 omnes
302 1895 385 1933 eius
409 1893 586 1931 instituta
607 1893 765 1930 laudare
787 1892 938 1931 facilius
959 1891 1112 1942 possint
1131 1906 1250 1942 quam
1272 1893 1470 1932 aemulari.

145 1959 269 1997 Hisce
299 1959 418 1997 utitur
450 1957 718 1997 laudatoribus
741 1959 917 2005 Flaccus,
937 1957 996 1995 his
1023 1958 1271 1997 innocentiae
1294 1958 1469 2007 testibus,
1492 1968 1535 2010 64

144 2032 185 2062 ut
205 2026 436 2064 Graecorum
458 2023 662 2072 cupiditati
680 2024 920 2061 Graecorum
943 2022 1086 2061 auxilio
1108 2023 1340 2062 resistamus.

188 2121 206 2140 2
231 2110 409 2141 defuerunt
432 2109 623 2150 Naugerius
649 2108 724 2147 (alz
761 2109 960 2140 defecerunt
986 2109 1165 2149 (deficiunt
1183 2112 1210 2151 c)
1236 2115 1269 2141 et
1293 2110 1471 2142 defuerunt

146 2155 229 2194 2·ch
246 2167 251 2184 z
279 2154 472 2184 defecerunt
489 2154 518 2194 k,
541 2152 699 2184 Gruterus
831 2164 849 2191 4
875 2152 944 2194 his]
964 2153 1015 2183 his
1033 2163 1070 2184 se
1088 2153 1105 2183 b
1260 2163 1280 2193 5
1307 2165 1421 2185 eorum
1439 2154 1470 2184 b¹

144 2202 346 2237 componant
364 2196 418 2228 ΣΙ)1
598 2207 636 2227 10
659 2197 800 2227 ducatur
815 2198 950 2237 scripSi:
974 2198 1105 2227 dicatur
1123 2197 1200 2228 som.
1223 2196 1305 2237 Lag.
1330 2198 1361 2236 7]
1380 2198 1468 2229 codd.

146 2241 197 2279 (cf
221 2241 311 2279 §653
486 2250 524 2279 19
551 2240 586 2270 L.
610 2240 745 2270 Flaccus
761 2239 910 2271 Faernus
1079 2251 1121 2271 ρο
1146 2241 1312 2271 tribunum
1332 2242 1469 2272 militum

147 2284 346 2315 Gulielmius
362 2284 414 2323 (cs.
439 2287 452 2320 ξ
475 2285 573 2314 ῐοῐὸε
598 2284 735 2313 militem
754 2283 840 2315 codd.
1009 2294 1049 2322 23
1075 2284 1145 2314 iure
1161 2295 1226 2315 otu.
1251 2288 1274 2315 Σ
1428 2287 1470 2316 26

99 2340 103 2344 ·
144 2328 299 2358 adluatur
322 2328 363 2364 Β,
382 2327 426 2358 cd.
449 2328 480 2357 R
499 2339 504 2358 :
531 2327 684 2358 abluatur
707 2330 774 2358 cett.
883 2328 1093 2367 optimatium
1121 2331 1161 2358 E:
1187 2328 1383 2367 optimatum
1403 2332 1467 2359 cru.

146 2382 187 2408 29
207 2372 413 2403 Graecorum
433 2371 606 2411 cupiditati
624 2371 728 2411 suppl.
740 2370 928 2412 Naugerius
942 2372 1011 2413 (2):
1028 2371 1168 2402 Graccis
1186 2373 1291 2413 suppl.
1307 2372 1468 2413 Angelius
