1716 2662
83 472 102 504 5

67 802 104 824 10

66 1127 100 1158 ¹5

64 1452 104 1474 20

427 89 536 128 PRO
568 90 614 127 A.
648 88 900 127 CAECINA
933 87 1150 126 ORATIO
1408 95 1512 134 3190

126 199 189 239 ubi
211 209 294 239 turn
315 207 417 238 esset
432 214 442 247 ,-
472 198 547 237 iam
574 211 689 250 posse
710 197 896 237 concedis
912 212 922 245 3
951 211 1042 236 eum
1063 197 1130 248 qui
1152 210 1232 236 non
1254 195 1453 247 possideat

122 278 240 315 negas
263 264 365 304 deici
395 278 520 315 posse.
581 265 662 304 Cur
682 277 773 314 ergo
800 270 867 301 aut
896 262 935 301 in
957 262 1053 302 illud
1079 261 1320 302 cotidianum
1342 261 1453 300 inter·
1475 274 1511 305 91

122 329 272 369 dictum
315 333 451 368 ‘VNDE
491 341 584 367 ILLE
622 341 684 368 ME
716 340 758 366 vr
798 329 989 367 Deiecrr’
1027 327 1185 367 additur
1226 331 1332 365 ‘CVM
1375 339 1454 366 Eoo

124 396 409 440 PosslpEREM‚’
442 394 473 433 si
508 393 611 433 deici
643 407 761 433 nemo
797 401 926 444 potest
961 393 1028 443 qui
1059 407 1138 432 non
1169 392 1355 442 possidet,
1388 400 1454 430 aut

122 458 161 497 in
194 460 270 497 hoc
304 459 555 498 interdictum
591 471 647 497 DE
686 471 920 497 Hommssvs
952 470 1135 497 ARMATIS
1170 471 1251 497 non
1285 457 1452 505 additur,

121 523 152 561 si
183 532 337 574 oportet
367 524 500 575 quaeri
531 523 749 574 possederit
776 525 932 562 necne?
988 525 1119 574 Negas
1149 522 1261 569 deici,
1290 522 1363 561 nisi
1388 522 1455 573 qui

121 589 331 639 possideat.
390 590 583 636 Ostendo‚
620 589 652 627 si
686 589 770 628 sine
804 589 961 628 armatis
996 588 1191 628 coactisve
1226 587 1454 627 hominibus

121 654 298 693 deiectus
322 654 516 705 quispiam
539 654 597 700 sit,
628 668 718 693 eum
740 654 808 705 qui
834 655 998 693 fateatur
1025 667 1065 692 se
1086 653 1277 692 deiecisse
1300 652 1455 691 vincere

122 719 388 770 sponsionem,
413 719 444 757 si
466 720 649 758 ostendat
671 733 762 757 eum
790 733 870 757 non
893 718 1125 769 possedisse.
1187 720 1318 769 Negas
1340 718 1452 765 deici,

123 784 196 823 nisi
218 784 285 835 qui
312 784 522 835 possideat.
583 786 765 824 Ostendo
785 799 832 823 ex
858 786 934 823 hoc
956 784 1164 823 interdicto
1192 796 1247 822 DE
1271 796 1455 822 ARMATIS

124 862 368 898 Hommssvs,
403 850 469 901 qui
505 850 628 901 possit
659 851 867 889 ostendere
901 864 982 888 non
1014 849 1236 900 possedisse
1266 863 1356 888 eum
1387 848 1453 899 qui

121 915 299 955 deiectus
330 915 390 963 sit,
430 915 686 954 condemnari
726 923 857 953 tamen
893 915 1116 965 sponsionis
1156 928 1317 954 necesse
1355 928 1451 961 esse,
1473 947 1524 986 32

122 979 154 1018 si
183 981 348 1019 fateatur
377 994 462 1019 esse
489 981 698 1019 deiectum.
760 980 980 1031 Dupliciter
1009 980 1191 1019 homines
1218 979 1451 1028 deiciuntur,
1474 1008 1514 1041 92

121 1054 188 1084 aut
220 1045 304 1086 sine
335 1046 482 1085 coactis
514 1046 720 1084 armatisve
760 1045 990 1084 hominibus
1025 1053 1091 1084 aut
1125 1059 1194 1096 per
1228 1046 1311 1084 eius
1346 1045 1455 1085 modi

121 1111 313 1150 rationem
337 1120 456 1161 atque
484 1111 575 1149 vim.
635 1113 699 1150 Ad
726 1112 824 1150 duas
851 1110 1050 1149 dissimilis
1080 1124 1139 1149 res
1170 1112 1251 1150 duo
1280 1110 1456 1149 diiuncta

121 1175 328 1215 interdicta
361 1184 464 1215 sunt.
524 1177 572 1214 In
606 1176 668 1214 illa
703 1175 739 1214 vi
772 1176 971 1214 cotidiana
1004 1190 1084 1214 non
1124 1176 1217 1214 satis
1249 1184 1307 1214 est
1340 1189 1455 1226 posse

121 1243 264 1280 docere
290 1255 331 1281 se
361 1241 570 1289 deiectum,
594 1241 669 1280 nisi
697 1244 906 1281 ostendere
934 1249 1078 1292 potest,
1106 1255 1195 1280 cum
1225 1241 1454 1292 possideret,

122 1314 204 1345 tum
235 1307 444 1346 deiectum.
504 1309 567 1346 Ne
597 1306 638 1346 id
666 1307 827 1357 quidem
859 1307 951 1345 satis
981 1315 1050 1354 est,
1083 1307 1157 1345 nisi
1189 1308 1305 1346 docet
1336 1307 1389 1345 ita
1413 1321 1454 1346 se

121 1372 343 1422 possedisse
381 1379 426 1411 ul
461 1386 535 1411 nec
573 1372 610 1410 vi
653 1371 728 1411 nec
765 1374 866 1411 clam
905 1386 979 1411 nec
1019 1372 1193 1422 precario
1225 1372 1452 1422 possederit.

123 1439 263 1488 Itaque
284 1438 315 1476 is
336 1438 402 1488 qui
428 1452 468 1477 se
490 1438 703 1477 restituisse
728 1437 824 1476 dixit
847 1451 987 1487 magna
1009 1452 1105 1476 voce
1133 1451 1250 1488 saepe
1277 1437 1455 1476 confiteri

121 1504 220 1542 solet
250 1517 290 1542 se
322 1504 357 1541 vi
383 1503 584 1551 deiecisse,
619 1517 753 1542 verum
780 1503 877 1541 illud
903 1503 1037 1541 addit:
1072 1507 1173 1542 ‘non
1204 1502 1455 1553 possidebat'

122 1570 181 1607 vel
211 1568 338 1615 etiam,
363 1582 453 1607 cum
485 1570 561 1607 hoc
586 1568 715 1619 ipsum
741 1568 947 1615 concessit,
972 1568 1091 1606 vincit
1122 1576 1253 1607 tamen
1280 1567 1454 1618 sponsio-

121 1647 223 1680 nem,
264 1633 294 1672 si
335 1635 495 1684 planum
535 1635 627 1672 facit
660 1635 711 1673 ab
750 1648 791 1673 se
830 1634 939 1672 illum
978 1642 1045 1672 aut
1079 1633 1115 1672 vi
1154 1641 1221 1672 aut
1255 1634 1355 1672 clam
1387 1641 1453 1672 aut

121 1698 294 1748 precario
338 1699 572 1748 possedisse.
642 1699 848 1738 Videtisne
888 1707 985 1748 quot
1025 1698 1322 1738 defensionibus
1362 1712 1451 1736 eum
1473 1708 1514 1740 93

122 1765 188 1814 qui
210 1765 293 1802 sine
317 1766 433 1803 armis
453 1778 499 1803 ac
528 1764 780 1803 multitudine
802 1765 879 1802 vim
909 1764 1041 1803 fecerit
1063 1764 1118 1802 uti
1144 1778 1259 1814 posse
1288 1764 1452 1802 maiores

121 1829 343 1869 voluerint?
402 1832 524 1869 Hunc
553 1844 646 1869 vero
676 1830 742 1880 qui
768 1831 818 1868 ab
849 1830 942 1877 iure,
966 1829 1106 1877 officio,
1137 1829 1251 1869 bonis
1279 1829 1452 1868 moribus

120 1895 171 1933 ad
191 1895 345 1942 ferrum,
368 1897 418 1935 ad
445 1910 562 1944 arma,
585 1898 635 1935 ad
657 1897 819 1935 caedem
851 1895 1079 1945 confugerit,
1103 1896 1253 1933 nudum
1276 1894 1313 1932 in
1335 1908 1453 1933 causa

120 1959 350 1998 destitutum
376 1960 527 2008 videtis,
559 1968 610 2007 ut,
639 1960 704 2011 qui
735 1969 906 1999 armatus
936 1962 986 1999 de
1016 1959 1264 2010 possessione
1294 1967 1452 1998 conten-

165 2073 250 2102 7—10
273 2065 417 2095 ostendo
443 2089 449 2096 .
476 2087 483 2095 .
508 2088 515 2095 .
544 2065 713 2104 possideat
729 2075 794 2096 om.
823 2064 854 2094 T
936 2065 956 2094 8
983 2064 1147 2104 quispiam
1164 2063 1204 2103 E,
1224 2063 1337 2094 Beier:
1361 2064 1450 2103 quis-

120 2117 218 2146 quam
237 2111 301 2138 cett.
416 2117 437 2147 9
461 2108 644 2148 sponsione
663 2108 852 2138 Lambinus
965 2118 1052 2147 9-10
1077 2117 1182 2146 negas
1198 2130 1204 2137 .
1228 2131 1234 2137 .
1253 2130 1259 2137 .
1284 2131 1290 2138 .
1308 2108 1450 2138 ostendo

120 2150 178 2182 dcl.
203 2150 329 2190 Ussing
520 2162 557 2191 15
581 2157 681 2191 atquc
705 2151 783 2182 TE:
807 2156 864 2182 aut
883 2155 948 2183 cett.
1061 2151 1216 2181 deiuncta
1232 2150 1319 2181 codd.
1338 2161 1344 2179 :
1369 2161 1446 2181 corr.

121 2204 188 2234 mg.
209 2193 368 2225 Lambini
501 2205 536 2234 17
563 2205 599 2226 se
616 2194 800 2235 deiectum]
820 2196 879 2225 sed
898 2195 1008 2225 fictum
1034 2193 1147 2225 ΤΕΜ1
1238 2198 1350 2233 potest
1372 2193 1449 2224 TE:

121 2237 227 2276 possit
243 2241 307 2269 cett.
462 2239 500 2269 18
526 2239 691 2270 deiectum
710 2239 739 2276 k,
759 2237 925 2279 Angelius
942 2249 947 2268 :
972 2238 1116 2268 eiectum
1134 2241 1198 2268 cele.
1353 2247 1390 2276 ¹9
1414 2242 1449 2267 ut

120 2281 149 2315 k,
170 2280 215 2311 ed.
240 2281 271 2311 l?
289 2293 294 2311 :
318 2293 385 2312 om.
403 2285 466 2312 cett.
557 2292 597 2312 22
623 2282 840 2321 sponsionem
861 2282 888 2312 k.
907 2280 953 2312 sd.
977 2281 1026 2311 V:
1051 2281 1233 2320 sponsione
1251 2284 1314 2311 (ϊΙΙ.
1409 2291 1449 2319 25

121 2324 194 2354 sine
208 2324 370 2364 Angelius
386 2336 392 2355 z
415 2335 452 2356 sc
471 2326 516 2356 T:
541 2337 606 2356 om.
621 2329 683 2356 cell.
774 2328 816 2356 26
840 2325 1020 2356 voluerunt
1033 2324 1122 2355 codd.
1141 2336 1147 2354 :
1173 2335 1248 2355 corr.
1264 2323 1449 2355 Lambinus

121 2369 162 2398 28
187 2367 449 2408 destitutumque
467 2369 505 2408 c'-'‚
524 2369 690 2411 Angelius
780 2375 815 2401 ut
832 2369 887 2409 qui
910 2368 968 2400 TE
983 2378 990 2400 :
1014 2368 1070 2409 qui
1088 2372 1201 2399 autem
1219 2371 1284 2399 cclt.
