1716 2662
364 107 436 143 DE
469 106 613 143 LEGE
645 104 900 142 AGRARIA
933 104 1148 142 ORATIO
1182 104 1199 140 I
1419 112 1481 147 24

114 233 163 258 eo
202 218 395 269 diligens;
445 218 592 255 nullam
634 215 737 254 enim
785 213 1065 266 praetermittit.
1126 213 1375 264 Persequitur
1407 212 1443 251 in

116 283 257 323 tabulis
278 282 464 323 censoriis
495 290 616 321 totam
649 280 848 327 Siciliam3
880 281 1030 318 nullum
1059 278 1295 325 aedificium,
1318 279 1446 316 nullos

115 363 227 399 agros
257 347 450 398 relinquit.
513 346 689 386 Audistis
726 345 950 384 auctionem
989 344 1123 395 populi
1155 342 1326 383 Romani
1363 357 1447 393 pro-

116 413 299 464 scriptam
315 427 337 451 a
354 412 511 451 tribuno
534 411 670 462 plebis,
689 410 940 449 constitutam
956 409 995 447 in
1011 422 1186 447 mensem
1207 407 1442 453 Ianuarium,

79 490 97 522 5
117 487 164 526 et,
189 479 320 525 credo,
342 492 422 517 non
451 476 638 516 dubitatis
670 475 764 526 quin
794 474 942 514 idcirco
967 475 1064 512 haec
1088 473 1207 512 aerari
1230 486 1347 511 causa
1367 487 1445 510 non

117 542 364 583 vendiderint
385 542 420 581 ei
442 541 509 592 qui
531 541 648 580 armis
670 548 708 579 et
730 539 870 578 virtute
892 546 1135 590 pepererunt,
1161 546 1202 576 ut
1223 545 1323 577 esset
1339 538 1447 587 quod

118 622 189 647 nos
210 607 422 659 largitionis
443 621 562 646 causa
582 607 853 645 venderemus.

173 673 315 713 Videte
350 686 456 711 nunc
491 685 570 723 quo
603 672 803 710 adfectent
843 669 914 709 iter
953 669 1123 720 apertius
1163 682 1280 719 quam
1321 677 1445 706 antea.
1469 682 1485 712 5

121 741 223 778 Nam
263 738 460 789 superiore
500 744 608 788 parte
640 736 736 787 legis
769 749 888 786 quem
923 736 974 774 ad
1010 736 1174 773 modum
1214 733 1447 784 Pompeium

64 821 101 844 10
120 813 401 855 oppugnarent,
425 818 447 842 a
469 817 531 842 me
552 802 713 842 indicati
744 810 859 849 sunt3
890 815 996 839 nunc
1026 800 1103 839 iam
1134 815 1174 839 se
1205 799 1276 850 ipsi
1307 799 1451 837 indica-

121 870 229 909 bunt.
277 871 422 909 Iubent
439 869 570 908 venire
591 882 703 919 agros
719 867 981 907 Attalensium
1004 874 1122 917 atque
1137 867 1449 916 Olympenorum

121 949 220 985 quos
254 936 402 986 populo
438 936 623 973 Romano
659 935 703 971 Ρ.
743 932 888 979 Servili,
932 931 1130 972 fortissimi
1170 930 1249 978 viri,
1292 930 1451 968 victoria

121 1000 307 1047 adiunxit,
349 1000 495 1040 deinde
534 1013 647 1050 agros
687 998 727 1036 in
765 998 1005 1038 Macedonia
1040 997 1165 1047 regios
1204 996 1271 1046 qui
1310 995 1449 1045 partim

122 1067 168 1104 T.
193 1065 413 1114 Flaminini,
437 1065 578 1117 partim
601 1067 642 1103 L.
670 1064 780 1103 Pauli
806 1063 873 1114 qui
905 1066 1048 1102 Persen
1078 1062 1169 1101 vicit
1188 1061 1328 1100 virtute
1353 1059 1450 1111 parti

64 1146 102 1179 15
123 1140 223 1179 sunt,
242 1132 388 1171 deinde
407 1145 542 1182 agrum
563 1130 759 1181 optimum
777 1138 814 1168 et
831 1128 1184 1168 fructuosissimum
1200 1126 1448 1167 Corinthium

123 1197 190 1248 qui
225 1199 267 1236 L.
302 1196 472 1235 Mummi
507 1196 671 1247 imperio
702 1210 748 1234 ac
780 1195 964 1234 felicitate
999 1195 1050 1233 ad
1081 1192 1285 1244 vectigalia
1315 1191 1451 1242 populi

124 1262 296 1302 Romani
316 1262 525 1302 adiunctus
547 1270 614 1309 est,
640 1269 728 1312 post
753 1269 884 1300 autem
914 1274 1027 1311 agros
1055 1260 1094 1298 in
1123 1257 1320 1309 Hispania
1344 1258 1451 1307 apud

124 1328 402 1379 Carthaginem
440 1341 586 1367 novam
632 1328 800 1366 duorum
848 1326 1078 1376 Scipionum
1126 1324 1267 1363 eximia
1309 1323 1451 1361 virtute

124 1408 351 1446 possessos,
378 1402 462 1432 tum
488 1407 580 1432 vero
611 1393 735 1443 ipsam
762 1400 934 1431 veterem
959 1390 1239 1441 Carthaginem
1273 1389 1451 1428 vendunt

64 1478 104 1499 :o
123 1475 242 1511 quam
275 1462 315 1498 P.
354 1459 562 1498 Africanus
598 1459 788 1498 nudatam
824 1457 937 1496 tectis
971 1471 1017 1496 ac
1053 1455 1263 1495 moenibus
1289 1454 1370 1493 sive
1402 1455 1452 1493 ad

125 1527 339 1564 notandam
380 1522 763 1574 Carthaginiensium
799 1522 1077 1567 calamitatem,
1114 1521 1194 1558 sive
1233 1520 1283 1558 ad
1323 1518 1453 1557 testili-

125 1592 291 1630 eandam
322 1599 495 1629 nostram
525 1588 740 1636 victoriam,
763 1587 844 1626 sive
872 1588 1006 1626 oblata
1034 1586 1165 1636 aliqua
1196 1584 1381 1635 religione
1400 1584 1452 1622 ad

124 1665 322 1695 aeternam
349 1654 554 1693 hominum
578 1653 806 1692 memoriam
829 1652 1081 1691 consecravit.
1145 1649 1452 1699 Hisinsignibus
1472 1658 1491 1688 6

126 1730 243 1772 atque
269 1720 398 1759 infulis
424 1719 563 1769 imperi
584 1718 751 1758 venditis
773 1718 917 1768 quibus
941 1725 1119 1755 ornatam
1144 1715 1259 1754 nobis
1288 1714 1454 1753 maiores

69 1801 107 1832 ²5
128 1785 249 1827 nostri
279 1799 359 1824 rem
390 1784 589 1835 publicam
617 1783 873 1830 tradiderunt,
905 1782 1043 1821 iubent
1077 1796 1144 1821 eos
1181 1794 1294 1832 agros
1323 1779 1456 1819 venire

126 1865 226 1903 quos
248 1865 311 1889 rex
334 1849 582 1888 Mithridates
604 1848 643 1886 in
667 1847 944 1899 Paphlagonia,
970 1849 1098 1886 Ponto
1121 1844 1455 1897 Cappadociaque

127 1915 354 1969 possederit.
416 1916 523 1954 Num
553 1915 721 1953 obscure
750 1913 933 1952 videntur
963 1926 1085 1962 prope
1115 1913 1227 1950 hasta
1250 1909 1456 1961 praeconis

127 1981 307 2022 insectari
347 1983 419 2021 Cn.
455 1978 619 2031 Pompei
660 1978 871 2018 exercitum
912 1977 977 2028 qui
1018 1976 1149 2016 venire
1188 1976 1348 2016 iubeant
1389 1989 1455 2014 eos

178 2098 186 2118 1
217 2085 307 2117 nulla
324 2085 359 2115 Ν
462 2084 510 2124 in]
531 2084 619 2115 enim
639 2084 671 2115 in
689 2094 723 2114 e:
750 2089 784 2114 ut
802 2084 832 2114 in
850 2083 1018 2114 Puteanus
1174 2092 1190 2120 7
1216 2093 1275 2112 vos
1294 2105 1300 2112 .
1324 2106 1329 2112 .
1350 2106 1354 2112 .
1376 2091 1455 2111 vcu-

129 2130 289 2162 deremini
308 2129 343 2159 N
496 2129 516 2158 8
539 2139 605 2168 quo
622 2128 793 2159 adfectent
812 2127 928 2156 lx'lolz:
955 2127 1063 2166 quoad
1099 2127 1187 2165 quod
1205 2126 1245 2156 ad
1266 2124 1305 2153 M
1342 2124 1457 2155 fecerit

130 2173 216 2205 codd.
237 2185 241 2203 :
266 2184 329 2212 quo
347 2172 547 2203 adsue-tarint
565 2171 742 2202 Illcmult'us
829 2171 993 2210 apertius}
1010 2170 1120 2209 aptius
1137 2168 1174 2198 N
1312 2178 1346 2197 ιε
1371 2178 1456 2206 quos

132 2229 196 2258 mg.
218 2216 398 2247 Lambini:
423 2216 484 2246 hos
500 2214 589 2246 codd.
691 2215 725 2245 12.
744 2214 852 2254 suppl.
871 2213 1094 2244 Laurcdamts
1240 2223 1251 2242 1
1267 2224 1273 2249 ς
1303 2211 1454 2241 Flaminii

130 2260 239 2291 cudda
265 2270 343 2290 corr.
362 2259 539 2289 Manutius
627 2258 681 2296 qui
703 2258 828 2288 Persen
848 2257 925 2287 vicit
943 2256 999 2287 dcl.
1020 2256 1178 2296 Pltrvgctzs·
1316 2265 1352 2294 19
1376 2265 1457 2285 vero

131 2305 181 2335 E:
208 2314 273 2334 om.
293 2306 357 2334 ccll.
529 2313 570 2332 20
595 2302 649 2341 ac]
667 2306 766 2340 atque
783 2300 815 2331 E
961 2310 1001 2330 ‘22
1025 2301 1066 2330 ad
1084 2300 1227 2330 oblatam
1247 2298 1386 2338 aliquam
1407 2308 1456 2329 re-

132 2348 289 2387 ligionem
307 2345 394 2378 codd.
413 2357 419 2376 :
445 2357 522 2377 corr.
542 2344 650 2376 Halm
766 2353 805 2384 25
831 2344 920 2375 iubet
939 2343 1026 2375 codd.
1045 2354 1051 2374 z
1076 2354 1155 2375 corr.
1176 2343 1365 2384 Naugerius
1386 2352 1435 2384 χι)
