1716 2662
84 490 102 523 5

63 816 101 838 10

362 104 435 140 DE
467 104 613 141 LEGE
644 105 903 142 AGRARIA
931 106 1149 144 ORATIO
1180 107 1222 144 II
1423 107 1448 144 8

124 215 376 253 vehementer
419 215 553 254 defuit.
625 215 741 255 Iubet
783 215 888 255 enim
932 216 1094 257 comitia
1136 216 1257 256 xviris
1305 217 1450 256 habere

123 278 301 318 creandis
339 293 430 318 eum
474 279 541 330 qui
578 281 705 330 legem
749 280 889 319 tulerit.
961 282 1054 320 Hoc
1095 281 1226 321 dicam
1268 281 1449 333 planius:

123 344 240 382 Iubet
274 345 425 392 Rullus,
458 346 579 384 homo
608 359 689 384 non
717 345 885 396 cupidus
914 359 1044 397 neque
1072 354 1273 397 appetem,
1306 347 1451 386 habere

122 408 283 448 comitia
303 411 476 449 Rullum.
524 412 716 450 Nondum
737 413 983 462 reprehendo
998 426 1008 460 ,·
1038 411 1153 451 video
1174 411 1312 451 fecisse
1327 412 1425 451 alios
1442 427 1452 460 ;

123 475 220 514 illud
240 477 350 526 quod
368 490 487 515 nemo
507 476 608 524 fecit,
627 479 677 516 de
698 477 848 516 minore
864 484 972 527 parte
992 477 1140 528 populi,
1158 491 1238 528 quo
1258 477 1450 528 pertineat

122 540 264 579 videte.
323 541 501 580 Habebit
526 541 698 589 comitia,
718 543 823 581 volet
850 556 917 581 eos
938 542 1159 582 renuntiare
1183 543 1327 593 quibus
1347 543 1451 594 regia

123 614 298 656 potestas
323 608 397 646 hac
431 608 516 657 lege
545 607 766 657 quaeritur3
806 607 988 647 universo
1022 610 1171 658 populo
1202 623 1332 659 neque
1366 609 1450 660 ipse

121 670 333 710 committit
355 685 485 722 neque
508 671 563 709 illi
592 673 733 711 horum
763 672 1016 712 consiliorum
1046 680 1226 712 auctores
1255 674 1449 713 committi

121 743 226 774 recte
250 744 389 786 putant
415 749 541 787 posse.
599 737 787 777 Sortietur
810 737 933 776 tribus
961 737 1067 777 idem
1099 739 1250 776 Rullus.
1310 740 1449 778 Homo

121 801 212 839 felix
243 803 386 840 educet
410 815 508 852 quas
540 803 647 841 volet
680 802 814 841 tribus.
874 803 986 849 Quos
1026 815 1118 840 V1111
1161 803 1284 842 tribus
1317 803 1450 843 xviros

120 866 282 905 fecerint
315 867 365 905 ab
395 868 537 905 eodem
567 868 687 905 Rullo
714 868 892 914 eductae,
924 869 996 906 hos
1029 867 1208 906 omnium
1236 882 1374 916 rerum,
1408 876 1451 907 ut

120 931 198 970 iam
225 933 446 979 ostendam,
466 931 650 970 dominos
680 932 926 971 habebimus.
987 934 1119 983 Atque
1146 932 1196 980 hi,
1220 940 1262 972 ut
1284 933 1381 984 grati
1404 947 1451 972 ac

123 1010 316 1035 memores
348 996 515 1035 benefici
542 1010 626 1035 esse
655 996 870 1044 videantur,
905 996 1054 1047 aliquid
1084 1011 1125 1036 se
1156 1010 1246 1035 V1111
1278 997 1450 1036 tribuum

121 1061 224 1099 notis
245 1060 473 1100 hominibus
494 1062 638 1100 debere
660 1062 962 1109 confitebuntur,
984 1062 1141 1112 reliquis
1158 1076 1250 1101 vero
1271 1074 1312 1101 vx
1333 1071 1372 1101 et
1391 1075 1451 1101 xx

120 1126 298 1164 tribubus
333 1126 430 1164 nihil
468 1126 539 1165 erit
577 1127 686 1176 quod
725 1139 806 1165 non
845 1134 985 1177 putent
1023 1140 1140 1176 posse
1178 1141 1250 1166 suo
1289 1126 1370 1166 iure
1409 1141 1451 1166 se

118 1193 322 1242 denegare.
401 1194 513 1242 Quos
557 1193 719 1230 tandem
763 1191 878 1242 igitur
921 1191 1053 1231 xviros
1096 1191 1179 1231 fieri
1217 1193 1326 1231 volt?
1400 1194 1450 1232 Se

118 1257 298 1307 primum.
370 1257 452 1306 Qui
485 1256 605 1295 licet?
634 1258 737 1307 leges
770 1256 875 1295 enim
911 1265 1002 1296 sunt
1033 1265 1183 1297 veteres
1217 1271 1347 1308 neque
1380 1272 1450 1297 eae

118 1323 356 1370 consulares,
377 1322 407 1359 si
429 1321 524 1372 quid
546 1321 732 1361 interesse
753 1323 830 1361 hoc
850 1322 1102 1371 arbitramini,
1126 1324 1197 1362 sed
1218 1323 1450 1363 tribuniciae

118 1388 229 1427 vobis
268 1388 562 1438 maioribusque
599 1388 735 1427 vestris
775 1389 1028 1427 vehementer
1071 1396 1201 1439 gratae
1239 1397 1357 1439 atque
1396 1388 1450 1427 iu-

61 1473 74 1486 o
119 1455 273 1492 eundae
288 1468 298 1501 3
327 1453 479 1491 Licinia
505 1460 563 1492 est
589 1455 651 1492 lex
677 1461 715 1491 et
741 1455 862 1492 altera
889 1453 1071 1500 Aebutia,
1096 1467 1198 1504 quae
1224 1467 1304 1492 non
1326 1455 1449 1493 modo

118 1533 208 1557 eum
230 1519 297 1569 qui
325 1519 453 1558 tulerit
477 1520 528 1557 de
553 1518 685 1569 aliqua
711 1519 912 1558 curatione
939 1533 985 1557 ac
1011 1526 1206 1569 potestate
1236 1521 1306 1558 sed
1330 1520 1448 1558 etiarn

117 1586 302 1634 conlegas
326 1584 419 1630 eius,
453 1591 651 1635 cognatos,
683 1584 825 1624 adfinis
855 1584 1008 1634 excipit,
1039 1597 1090 1623 ne
1119 1584 1174 1623 eis
1201 1598 1247 1623 ea
1275 1592 1449 1635 potestas

117 1650 314 1689 curatiove
353 1651 572 1689 mandetur.
633 1650 790 1689 Etenim
826 1650 856 1688 si
888 1651 1037 1700 populo
1071 1649 1254 1697 consulis,
1290 1663 1449 1689 remove

118 1723 156 1754 te
187 1729 212 1754 a
247 1715 471 1765 suspicione
504 1714 669 1754 alicuius
701 1715 758 1753 tui
787 1714 1000 1760 commodi,
1038 1715 1099 1753 fac
1134 1715 1254 1754 fidem
1285 1722 1323 1753 te
1353 1715 1449 1754 nihil

59 1798 95 1818 2-
117 1780 190 1819 nisi
222 1780 358 1831 populi
397 1780 603 1819 utilitatem
635 1788 673 1819 et
708 1782 877 1819 fructum
914 1793 1110 1830 quaerere,
1148 1779 1232 1818 sine
1264 1781 1316 1819 ad
1350 1780 1449 1820 alios

115 1854 362 1897 potestatem,
385 1847 436 1885 ad
457 1854 494 1885 te
514 1846 677 1896 gratiam
698 1845 866 1885 benefici
894 1845 950 1883 tui
972 1845 1185 1895 pervenire.
1246 1846 1349 1883 Nam
1371 1846 1448 1884 hoc

115 1911 278 1962 quidem
307 1911 370 1949 vix
398 1918 457 1950 est
485 1911 596 1950 liberi
625 1911 772 1962 populi,
804 1910 867 1948 vix
897 1917 1113 1950 vestrorum
1149 1909 1370 1949 animorum
1402 1923 1448 1949 ac

164 2026 175 2045 1
203 2016 338 2047 comitia
369 2016 518 2047 decemv.
540 2016 614 2047 hab.
647 2015 804 2046 creandis
834 2014 930 2045 Een:
964 2014 1089 2045 habere
1121 2024 1207 2046 com.
1239 2022 1295 2045 xv.
1332 2024 1447 2046 crean-

115 2059 166 2089 dis
184 2063 249 2090 celt.
400 2062 421 2090 6
443 2060 644 2090 denuntiare
660 2059 748 2090 codd.
771 2070 776 2088 :
802 2069 882 2090 corr.
904 2057 1083 2089 Manutius
1215 2068 1236 2096 9
1261 2062 1380 2097 putant
1396 2058 1446 2089 5:

115 2107 274 2141 putantur
284 2107 347 2134 cett.
437 2105 594 2134 sortietur
603 2103 631 2141 k,
648 2102 836 2142 Naugerius
850 2104 900 2142 (Ι)
917 2113 923 2131 :
949 2102 1090 2132 sortitur
1103 2104 1167 2132 cett.
1266 2111 1304 2131 10
1327 2101 1448 2132 educet

116 2146 182 2176 Ee:
207 2147 320 2177 educit
337 2151 401 2177 cell.
520 2157 554 2177 11
582 2146 701 2177 ductae
718 2145 755 2176 N
864 2155 901 2176 12
926 2155 964 2176 ac
981 2145 1081 2177 EeN:
1107 2150 1208 2184 atque
1227 2147 1290 2175 cett.
1408 2154 1447 2183 14

117 2189 221 2230 notis]
249 2191 343 2220 novis
367 2190 403 2220 N
535 2200 571 2229 15
596 2201 633 2221 se
658 2190 707 2220 ln'c
728 2190 801 2220 lmb.
821 2200 844 2228 e,
865 2192 939 2220 ante
960 2193 1081 2228 putent
1105 2189 1147 2219 k:
1172 2198 1239 2218 om.
1265 2191 1332 2218 cell.
1354 2188 1450 2228 (post

117 2242 218 2271 posse
236 2233 312 2264 add.
332 2234 458 2273 Bat'tcr)
574 2236 612 2264 16
637 2233 724 2274 ficri]
744 2233 852 2263 creari
869 2231 906 2262 N
1017 2242 1056 2271 19
1080 2231 1175 2262 nobis
1193 2256 1200 2263 .
1216 2254 1224 2263 .
1248 2254 1254 2261 .
1274 2231 1398 2262 nostris
1413 2230 1452 2261 N

116 2286 159 2306 20
179 2276 228 2317 et]
247 2283 346 2317 atque
361 2277 398 2307 N
541 2288 581 2308 22
606 2277 731 2317 excipit
749 2277 788 2314 (ἶ,
807 2274 1020 2316 Naugrm'us:
1044 2275 1170 2307 excidit
1187 2278 1251 2306 cell.
1405 2283 1446 2312 25

117 2319 199 2351 alios
217 2320 400 2361 Angelsus:
425 2320 499 2352 illos
515 2320 604 2353 codd.
737 2321 780 2350 26
803 2319 850 2351 tui
867 2330 931 2350 0111.
954 2319 985 2348 E

1471 122 1512 144 20

1470 752 1506 774 21

1470 1664 1509 1686 22
