<?xml version="1.0" encoding="UTF-8"?>
<!DOCTYPE html PUBLIC "-//W3C//DTD XHTML 1.0 Transitional//EN"
    "http://www.w3.org/TR/xhtml1/DTD/xhtml1-transitional.dtd">
<html xmlns="http://www.w3.org/1999/xhtml" xml:lang="en" lang="en">
 <head>
  <title>
</title>
<meta http-equiv="Content-Type" content="text/html;charset=utf-8" />
  <meta name='ocr-system' content='tesseract 3.04.00' />
  <meta name='ocr-capabilities' content='ocr_page ocr_carea ocr_par ocr_line ocrx_word'/>
</head>
<body>
  <div class='ocr_page' id='page_1' title='image "./orationesrecogno04ciceuoft_0120.png"; bbox 0 0 1747 2620; ppageno 0'>
   <div class='ocr_carea' id='block_1_1' title="bbox 135 75 1188 131">
    <p class='ocr_par' dir='ltr' id='par_1_1' title="bbox 135 75 1188 131">
     <span class='ocr_line' id='line_1_1' title="bbox 135 75 1188 131; baseline -0.008 -11"><span class='ocrx_word' id='word_1_1' title='bbox 135 84 190 120; x_wconf 87' lang='lat'>26</span> <span class='ocrx_word' id='word_1_2' title='bbox 215 96 254 131; x_wconf 88' lang='lat'>74</span> <span class='ocrx_word' id='word_1_3' title='bbox 573 80 630 117; x_wconf 83' lang='lat' dir='ltr'>M.</span> <span class='ocrx_word' id='word_1_4' title='bbox 662 78 830 116; x_wconf 82' lang='lat' dir='ltr'>TVLLI</span> <span class='ocrx_word' id='word_1_5' title='bbox 863 75 1188 115; x_wconf 79' lang='lat' dir='ltr'>CICERONIS-</span> 
     </span>
    </p>
   </div>
   <div class='ocr_carea' id='block_1_2' title="bbox 143 184 1612 2318">
    <p class='ocr_par' dir='ltr' id='par_1_2' title="bbox 143 184 1612 2318">
     <span class='ocr_line' id='line_1_2' title="bbox 208 184 1539 246; baseline -0.008 -12"><span class='ocrx_word' id='word_1_6' title='bbox 208 201 349 246; x_wconf 85' lang='lat' dir='ltr'>potest.</span> <span class='ocrx_word' id='word_1_7' title='bbox 411 194 575 232; x_wconf 88' lang='lat' dir='ltr'>Fundus</span> <span class='ocrx_word' id='word_1_8' title='bbox 594 205 618 231; x_wconf 84' lang='lat' dir='ltr'>a</span> <span class='ocrx_word' id='word_1_9' title='bbox 641 196 750 242; x_wconf 80' lang='lat' dir='ltr'>patre</span> <span class='ocrx_word' id='word_1_10' title='bbox 780 187 948 238; x_wconf 77' lang='lat' dir='ltr'>relinqui</span> <span class='ocrx_word' id='word_1_11' title='bbox 968 195 1110 238; x_wconf 81' lang='lat' dir='ltr'>potest,</span> <span class='ocrx_word' id='word_1_12' title='bbox 1133 194 1172 225; x_wconf 81' lang='lat' dir='ltr'>at</span> <span class='ocrx_word' id='word_1_13' title='bbox 1199 187 1388 236; x_wconf 81' lang='lat' dir='ltr'>usucapio</span> <span class='ocrx_word' id='word_1_14' title='bbox 1416 184 1539 232; x_wconf 86' lang='lat' dir='ltr'>fundi,</span> 
     </span>
     <span class='ocr_line' id='line_1_3' title="bbox 209 251 1542 303; baseline -0.008 -5"><span class='ocrx_word' id='word_1_15' title='bbox 209 260 286 298; x_wconf 88' lang='lat' dir='ltr'>hoc</span> <span class='ocrx_word' id='word_1_16' title='bbox 316 267 373 298; x_wconf 92' lang='lat' dir='ltr'>est</span> <span class='ocrx_word' id='word_1_17' title='bbox 404 258 492 296; x_wconf 83' lang='lat' dir='ltr'>finis</span> <span class='ocrx_word' id='word_1_18' title='bbox 522 254 796 296; x_wconf 83' lang='lat' dir='ltr'>sollicitudinis</span> <span class='ocrx_word' id='word_1_19' title='bbox 824 267 871 292; x_wconf 86' lang='lat' dir='ltr'>ac</span> <span class='ocrx_word' id='word_1_20' title='bbox 900 252 1063 303; x_wconf 90' lang='lat' dir='ltr'>periculi</span> <span class='ocrx_word' id='word_1_21' title='bbox 1091 251 1230 298; x_wconf 86' lang='lat' dir='ltr'>litium,</span> <span class='ocrx_word' id='word_1_22' title='bbox 1266 264 1347 289; x_wconf 88' lang='lat' dir='ltr'>non</span> <span class='ocrx_word' id='word_1_23' title='bbox 1381 265 1404 289; x_wconf 79' lang='lat' dir='ltr'>a</span> <span class='ocrx_word' id='word_1_24' title='bbox 1434 258 1542 301; x_wconf 88' lang='lat' dir='ltr'>patre</span> 
     </span>
     <span class='ocr_line' id='line_1_4' title="bbox 209 315 1542 373; baseline -0.008 -11"><span class='ocrx_word' id='word_1_25' title='bbox 209 323 450 373; x_wconf 84' lang='lat' dir='ltr'>relinquitur,</span> <span class='ocrx_word' id='word_1_26' title='bbox 476 323 546 360; x_wconf 90' lang='lat' dir='ltr'>sed</span> <span class='ocrx_word' id='word_1_27' title='bbox 568 335 591 360; x_wconf 88' lang='lat' dir='ltr'>a</span> <span class='ocrx_word' id='word_1_28' title='bbox 607 321 786 370; x_wconf 77' lang='lat' dir='ltr'>legibu53</span> <span class='ocrx_word' id='word_1_29' title='bbox 816 331 942 368; x_wconf 79' lang='lat' dir='ltr'>aquae</span> <span class='ocrx_word' id='word_1_30' title='bbox 962 318 1117 364; x_wconf 87' lang='lat' dir='ltr'>ductus,</span> <span class='ocrx_word' id='word_1_31' title='bbox 1134 317 1309 362; x_wconf 87' lang='lat' dir='ltr'>haustus,</span> <span class='ocrx_word' id='word_1_32' title='bbox 1332 315 1413 362; x_wconf 91' lang='lat' dir='ltr'>iter,</span> <span class='ocrx_word' id='word_1_33' title='bbox 1433 322 1542 353; x_wconf 85' lang='lat' dir='ltr'>actus</span> 
     </span>
     <span class='ocr_line' id='line_1_5' title="bbox 208 380 1543 438; baseline -0.007 -11"><span class='ocrx_word' id='word_1_34' title='bbox 208 402 232 427; x_wconf 85' lang='lat' dir='ltr'>a</span> <span class='ocrx_word' id='word_1_35' title='bbox 260 396 379 438; x_wconf 84' lang='lat' dir='ltr'>patre,</span> <span class='ocrx_word' id='word_1_36' title='bbox 407 388 477 426; x_wconf 88' lang='lat' dir='ltr'>sed</span> <span class='ocrx_word' id='word_1_37' title='bbox 502 394 584 425; x_wconf 87' lang='lat' dir='ltr'>rata</span> <span class='ocrx_word' id='word_1_38' title='bbox 611 384 821 424; x_wconf 85' lang='lat' dir='ltr'>auctoritas</span> <span class='ocrx_word' id='word_1_39' title='bbox 851 384 990 422; x_wconf 86' lang='lat' dir='ltr'>harum</span> <span class='ocrx_word' id='word_1_40' title='bbox 1019 395 1147 420; x_wconf 85' lang='lat' dir='ltr'>rerum</span> <span class='ocrx_word' id='word_1_41' title='bbox 1176 381 1354 419; x_wconf 86' lang='lat' dir='ltr'>omnium</span> <span class='ocrx_word' id='word_1_42' title='bbox 1383 381 1434 418; x_wconf 85' lang='lat' dir='ltr'>ab</span> <span class='ocrx_word' id='word_1_43' title='bbox 1462 380 1543 418; x_wconf 89' lang='lat' dir='ltr'>iure</span> 
     </span>
     <span class='ocr_line' id='line_1_6' title="bbox 150 446 1581 500; baseline -0.007 -8"><span class='ocrx_word' id='word_1_44' title='bbox 150 465 190 500; x_wconf 84' lang='lat'>75</span> <span class='ocrx_word' id='word_1_45' title='bbox 210 453 313 492; x_wconf 89' lang='lat' dir='ltr'>civili</span> <span class='ocrx_word' id='word_1_46' title='bbox 344 453 519 491; x_wconf 66' lang='lat' dir='ltr'>sumitur.</span> <span class='ocrx_word' id='word_1_47' title='bbox 580 452 831 500; x_wconf 82' lang='lat' dir='ltr'>Quapropter</span> <span class='ocrx_word' id='word_1_48' title='bbox 859 461 941 486; x_wconf 89' lang='lat' dir='ltr'>non</span> <span class='ocrx_word' id='word_1_49' title='bbox 971 447 1101 485; x_wconf 88' lang='lat' dir='ltr'>minus</span> <span class='ocrx_word' id='word_1_50' title='bbox 1131 446 1338 496; x_wconf 75' lang='lat' dir='ltr'>diligenter</span> <span class='ocrx_word' id='word_1_51' title='bbox 1367 459 1413 484; x_wconf 87' lang='lat' dir='ltr'>ea</span> <span class='ocrx_word' id='word_1_52' title='bbox 1442 458 1543 495; x_wconf 86' lang='lat' dir='ltr'>quae</span> <span class='ocrx_word' id='word_1_53' title='bbox 1564 454 1581 486; x_wconf 89' lang='lat'>5</span> 
     </span>
     <span class='ocr_line' id='line_1_7' title="bbox 210 510 1542 566; baseline -0.008 -9"><span class='ocrx_word' id='word_1_54' title='bbox 210 531 234 556; x_wconf 82' lang='lat' dir='ltr'>a</span> <span class='ocrx_word' id='word_1_55' title='bbox 278 517 491 556; x_wconf 87' lang='lat' dir='ltr'>maioribus</span> <span class='ocrx_word' id='word_1_56' title='bbox 533 515 754 566; x_wconf 82' lang='lat' dir='ltr'>accepistis,</span> <span class='ocrx_word' id='word_1_57' title='bbox 798 513 957 564; x_wconf 86' lang='lat' dir='ltr'>publica</span> <span class='ocrx_word' id='word_1_58' title='bbox 1004 511 1240 563; x_wconf 82' lang='lat' dir='ltr'>patrimonia</span> <span class='ocrx_word' id='word_1_59' title='bbox 1284 510 1376 548; x_wconf 90' lang='lat' dir='ltr'>iuris</span> <span class='ocrx_word' id='word_1_60' title='bbox 1425 523 1542 560; x_wconf 86' lang='lat' dir='ltr'>quam</span> 
     </span>
     <span class='ocr_line' id='line_1_8' title="bbox 212 577 1544 634; baseline -0.007 -12"><span class='ocrx_word' id='word_1_61' title='bbox 212 583 383 634; x_wconf 81' lang='lat' dir='ltr'>privatae</span> <span class='ocrx_word' id='word_1_62' title='bbox 413 582 467 621; x_wconf 88' lang='lat' dir='ltr'>rei</span> <span class='ocrx_word' id='word_1_63' title='bbox 494 590 643 620; x_wconf 89' lang='lat' dir='ltr'>vestrae</span> <span class='ocrx_word' id='word_1_64' title='bbox 670 580 836 620; x_wconf 86' lang='lat' dir='ltr'>retinere</span> <span class='ocrx_word' id='word_1_65' title='bbox 863 578 1027 625; x_wconf 83' lang='lat' dir='ltr'>debetiS,</span> <span class='ocrx_word' id='word_1_66' title='bbox 1051 591 1133 616; x_wconf 88' lang='lat' dir='ltr'>non</span> <span class='ocrx_word' id='word_1_67' title='bbox 1161 578 1289 615; x_wconf 89' lang='lat' dir='ltr'>solum</span> <span class='ocrx_word' id='word_1_68' title='bbox 1317 577 1426 626; x_wconf 87' lang='lat' dir='ltr'>quod</span> <span class='ocrx_word' id='word_1_69' title='bbox 1447 578 1544 614; x_wconf 91' lang='lat' dir='ltr'>haec</span> 
     </span>
     <span class='ocr_line' id='line_1_9' title="bbox 213 640 1542 697; baseline -0.007 -10"><span class='ocrx_word' id='word_1_70' title='bbox 213 649 296 687; x_wconf 90' lang='lat' dir='ltr'>iure</span> <span class='ocrx_word' id='word_1_71' title='bbox 334 647 438 686; x_wconf 87' lang='lat' dir='ltr'>civili</span> <span class='ocrx_word' id='word_1_72' title='bbox 476 654 611 697; x_wconf 88' lang='lat' dir='ltr'>saepta</span> <span class='ocrx_word' id='word_1_73' title='bbox 649 653 740 684; x_wconf 89' lang='lat' dir='ltr'>sunt</span> <span class='ocrx_word' id='word_1_74' title='bbox 779 658 913 683; x_wconf 86' lang='lat' dir='ltr'>verum</span> <span class='ocrx_word' id='word_1_75' title='bbox 953 643 1071 682; x_wconf 87' lang='lat' dir='ltr'>etiam</span> <span class='ocrx_word' id='word_1_76' title='bbox 1112 643 1221 693; x_wconf 86' lang='lat' dir='ltr'>quod</span> <span class='ocrx_word' id='word_1_77' title='bbox 1265 640 1542 692; x_wconf 82' lang='lat' dir='ltr'>patrimonium</span> 
     </span>
     <span class='ocr_line' id='line_1_10' title="bbox 213 706 1545 759; baseline -0.006 -6"><span class='ocrx_word' id='word_1_78' title='bbox 213 714 328 752; x_wconf 86' lang='lat' dir='ltr'>unius</span> <span class='ocrx_word' id='word_1_79' title='bbox 363 713 620 752; x_wconf 86' lang='lat' dir='ltr'>incommodo</span> <span class='ocrx_word' id='word_1_80' title='bbox 652 711 880 757; x_wconf 84' lang='lat' dir='ltr'>dimittetur,</span> <span class='ocrx_word' id='word_1_81' title='bbox 915 709 974 748; x_wconf 91' lang='lat' dir='ltr'>ius</span> <span class='ocrx_word' id='word_1_82' title='bbox 1008 707 1134 747; x_wconf 86' lang='lat' dir='ltr'>amitti</span> <span class='ocrx_word' id='word_1_83' title='bbox 1173 722 1254 747; x_wconf 89' lang='lat' dir='ltr'>non</span> <span class='ocrx_word' id='word_1_84' title='bbox 1292 714 1423 759; x_wconf 87' lang='lat' dir='ltr'>potest</span> <span class='ocrx_word' id='word_1_85' title='bbox 1462 706 1545 745; x_wconf 88' lang='lat' dir='ltr'>sine</span> 
     </span>
     <span class='ocr_line' id='line_1_11' title="bbox 214 777 1607 830; baseline -0.005 -12"><span class='ocrx_word' id='word_1_86' title='bbox 214 793 357 830; x_wconf 81' lang='lat' dir='ltr'>magno</span> <span class='ocrx_word' id='word_1_87' title='bbox 378 779 636 818; x_wconf 86' lang='lat' dir='ltr'>incommodo</span> <span class='ocrx_word' id='word_1_88' title='bbox 657 777 836 816; x_wconf 81' lang='lat' dir='ltr'>civitatis.</span> <span class='ocrx_word' id='word_1_89' title='bbox 1569 783 1607 805; x_wconf 92' lang='lat'>10</span> 
     </span>
     <span class='ocr_line' id='line_1_12' title="bbox 143 837 1546 894; baseline -0.005 -11"><span class='ocrx_word' id='word_1_90' title='bbox 143 853 194 893; x_wconf 86' lang='lat'>27</span> <span class='ocrx_word' id='word_1_91' title='bbox 268 846 316 883; x_wconf 90' lang='lat' dir='ltr'>In</span> <span class='ocrx_word' id='word_1_92' title='bbox 347 846 420 882; x_wconf 86' lang='lat' dir='ltr'>hac</span> <span class='ocrx_word' id='word_1_93' title='bbox 450 844 535 894; x_wconf 80' lang='lat' dir='ltr'>ipsa</span> <span class='ocrx_word' id='word_1_94' title='bbox 565 856 692 890; x_wconf 86' lang='lat' dir='ltr'>causa,</span> <span class='ocrx_word' id='word_1_95' title='bbox 726 848 1030 891; x_wconf 79' lang='lat' dir='ltr'>recuperatores,</span> <span class='ocrx_word' id='word_1_96' title='bbox 1064 840 1095 878; x_wconf 92' lang='lat' dir='ltr'>si</span> <span class='ocrx_word' id='word_1_97' title='bbox 1125 841 1202 878; x_wconf 86' lang='lat' dir='ltr'>hoc</span> <span class='ocrx_word' id='word_1_98' title='bbox 1230 852 1304 878; x_wconf 87' lang='lat' dir='ltr'>nos</span> <span class='ocrx_word' id='word_1_99' title='bbox 1336 852 1418 877; x_wconf 82' lang='lat' dir='ltr'>non</span> <span class='ocrx_word' id='word_1_100' title='bbox 1447 837 1546 877; x_wconf 91' lang='lat' dir='ltr'>obti-</span> 
     </span>
     <span class='ocr_line' id='line_1_13' title="bbox 214 904 1546 958; baseline -0.006 -9"><span class='ocrx_word' id='word_1_101' title='bbox 214 924 365 958; x_wconf 84' lang='lat' dir='ltr'>nemus,</span> <span class='ocrx_word' id='word_1_102' title='bbox 388 910 425 948; x_wconf 89' lang='lat' dir='ltr'>vi</span> <span class='ocrx_word' id='word_1_103' title='bbox 448 908 605 947; x_wconf 85' lang='lat' dir='ltr'>armatis</span> <span class='ocrx_word' id='word_1_104' title='bbox 637 907 866 946; x_wconf 84' lang='lat' dir='ltr'>horninibus</span> <span class='ocrx_word' id='word_1_105' title='bbox 897 905 1096 945; x_wconf 87' lang='lat' dir='ltr'>deiectum</span> <span class='ocrx_word' id='word_1_106' title='bbox 1127 918 1211 943; x_wconf 88' lang='lat' dir='ltr'>esse</span> <span class='ocrx_word' id='word_1_107' title='bbox 1239 918 1330 943; x_wconf 89' lang='lat' dir='ltr'>eum</span> <span class='ocrx_word' id='word_1_108' title='bbox 1359 918 1477 954; x_wconf 88' lang='lat' dir='ltr'>quern</span> <span class='ocrx_word' id='word_1_109' title='bbox 1509 904 1546 942; x_wconf 77' lang='lat' dir='ltr'>vi</span> 
     </span>
     <span class='ocr_line' id='line_1_14' title="bbox 214 969 1547 1024; baseline -0.006 -10"><span class='ocrx_word' id='word_1_110' title='bbox 214 975 372 1014; x_wconf 82' lang='lat' dir='ltr'>armatis</span> <span class='ocrx_word' id='word_1_111' title='bbox 393 974 621 1013; x_wconf 86' lang='lat' dir='ltr'>hominibus</span> <span class='ocrx_word' id='word_1_112' title='bbox 639 974 797 1024; x_wconf 89' lang='lat' dir='ltr'>pulsum</span> <span class='ocrx_word' id='word_1_113' title='bbox 814 973 1073 1021; x_wconf 80' lang='lat' dir='ltr'>fugatumque</span> <span class='ocrx_word' id='word_1_114' title='bbox 1088 984 1173 1010; x_wconf 88' lang='lat' dir='ltr'>esse</span> <span class='ocrx_word' id='word_1_115' title='bbox 1190 977 1354 1017; x_wconf 90' lang='lat' dir='ltr'>constat,</span> <span class='ocrx_word' id='word_1_116' title='bbox 1374 969 1547 1008; x_wconf 86' lang='lat' dir='ltr'>Caecina</span> 
     </span>
     <span class='ocr_line' id='line_1_15' title="bbox 215 1033 1548 1088; baseline -0.006 -9"><span class='ocrx_word' id='word_1_117' title='bbox 215 1054 297 1079; x_wconf 88' lang='lat' dir='ltr'>rem</span> <span class='ocrx_word' id='word_1_118' title='bbox 323 1054 402 1078; x_wconf 87' lang='lat' dir='ltr'>non</span> <span class='ocrx_word' id='word_1_119' title='bbox 431 1039 594 1086; x_wconf 86' lang='lat' dir='ltr'>amittet,</span> <span class='ocrx_word' id='word_1_120' title='bbox 631 1051 750 1088; x_wconf 79' lang='lat' dir='ltr'>quam</span> <span class='ocrx_word' id='word_1_121' title='bbox 786 1037 923 1087; x_wconf 77' lang='lat' dir='ltr'>ipsam&#39;</span> <span class='ocrx_word' id='word_1_122' title='bbox 946 1035 1081 1074; x_wconf 83' lang='lat' dir='ltr'>animo</span> <span class='ocrx_word' id='word_1_123' title='bbox 1113 1034 1213 1081; x_wconf 85' lang='lat' dir='ltr'>forti,</span> <span class='ocrx_word' id='word_1_124' title='bbox 1247 1034 1279 1072; x_wconf 93' lang='lat' dir='ltr'>si</span> <span class='ocrx_word' id='word_1_125' title='bbox 1309 1042 1465 1084; x_wconf 83' lang='lat' dir='ltr'>teinpus</span> <span class='ocrx_word' id='word_1_126' title='bbox 1494 1033 1548 1072; x_wconf 83' lang='lat' dir='ltr'>ita</span> 
     </span>
     <span class='ocr_line' id='line_1_16' title="bbox 216 1099 1606 1153; baseline -0.005 -9"><span class='ocrx_word' id='word_1_127' title='bbox 216 1107 344 1153; x_wconf 89' lang='lat' dir='ltr'>ferret,</span> <span class='ocrx_word' id='word_1_128' title='bbox 372 1105 577 1151; x_wconf 87' lang='lat' dir='ltr'>amitteret,</span> <span class='ocrx_word' id='word_1_129' title='bbox 611 1104 651 1141; x_wconf 87' lang='lat' dir='ltr'>in</span> <span class='ocrx_word' id='word_1_130' title='bbox 683 1102 975 1153; x_wconf 83' lang='lat' dir='ltr'>possessionem</span> <span class='ocrx_word' id='word_1_131' title='bbox 1005 1100 1045 1138; x_wconf 91' lang='lat' dir='ltr'>in</span> <span class='ocrx_word' id='word_1_132' title='bbox 1075 1099 1295 1150; x_wconf 86' lang='lat' dir='ltr'>praesentia</span> <span class='ocrx_word' id='word_1_133' title='bbox 1324 1113 1407 1138; x_wconf 88' lang='lat' dir='ltr'>non</span> <span class='ocrx_word' id='word_1_134' title='bbox 1437 1099 1545 1138; x_wconf 89' lang='lat' dir='ltr'>resti·</span> <span class='ocrx_word' id='word_1_135' title='bbox 1570 1112 1606 1144; x_wconf 85' lang='lat'>15</span> 
     </span>
     <span class='ocr_line' id='line_1_17' title="bbox 156 1164 1545 1219; baseline -0.003 -13"><span class='ocrx_word' id='word_1_136' title='bbox 156 1174 196 1219; x_wconf 90' lang='lat'>76</span> <span class='ocrx_word' id='word_1_137' title='bbox 217 1178 357 1218; x_wconf 89' lang='lat' dir='ltr'>tuetur,</span> <span class='ocrx_word' id='word_1_138' title='bbox 394 1169 492 1207; x_wconf 88' lang='lat' dir='ltr'>nihil</span> <span class='ocrx_word' id='word_1_139' title='bbox 522 1168 717 1219; x_wconf 71' lang='lat' dir='ltr'>amplius,</span> <span class='ocrx_word' id='word_1_140' title='bbox 747 1166 883 1218; x_wconf 90' lang='lat' dir='ltr'>populi</span> <span class='ocrx_word' id='word_1_141' title='bbox 916 1165 1088 1204; x_wconf 84' lang='lat' dir='ltr'>Romani</span> <span class='ocrx_word' id='word_1_142' title='bbox 1118 1178 1246 1212; x_wconf 81' lang='lat' dir='ltr'>causa,</span> <span class='ocrx_word' id='word_1_143' title='bbox 1279 1164 1444 1203; x_wconf 88' lang='lat' dir='ltr'>civitatis</span> <span class='ocrx_word' id='word_1_144' title='bbox 1474 1164 1545 1212; x_wconf 90' lang='lat' dir='ltr'>ius,</span> 
     </span>
     <span class='ocr_line' id='line_1_18' title="bbox 218 1229 1550 1284; baseline -0.004 -11"><span class='ocrx_word' id='word_1_145' title='bbox 218 1235 334 1282; x_wconf 83' lang='lat' dir='ltr'>bona,</span> <span class='ocrx_word' id='word_1_146' title='bbox 362 1235 541 1273; x_wconf 87' lang='lat' dir='ltr'>fortunae</span> <span class='ocrx_word' id='word_1_147' title='bbox 572 1232 922 1284; x_wconf 83' lang='lat' dir='ltr'>possessionesque</span> <span class='ocrx_word' id='word_1_148' title='bbox 952 1229 1131 1268; x_wconf 88' lang='lat' dir='ltr'>omnium</span> <span class='ocrx_word' id='word_1_149' title='bbox 1161 1229 1203 1267; x_wconf 90' lang='lat' dir='ltr'>in</span> <span class='ocrx_word' id='word_1_150' title='bbox 1228 1229 1396 1267; x_wconf 86' lang='lat' dir='ltr'>dubium</span> <span class='ocrx_word' id='word_1_151' title='bbox 1428 1229 1550 1268; x_wconf 86' lang='lat' dir='ltr'>incer-</span> 
     </span>
     <span class='ocr_line' id='line_1_19' title="bbox 218 1294 1547 1350; baseline -0.005 -12"><span class='ocrx_word' id='word_1_152' title='bbox 218 1307 382 1350; x_wconf 86' lang='lat' dir='ltr'>tumque</span> <span class='ocrx_word' id='word_1_153' title='bbox 421 1306 662 1338; x_wconf 77' lang='lat' dir='ltr'>revocantur.</span> <span class='ocrx_word' id='word_1_154' title='bbox 726 1299 866 1335; x_wconf 87' lang='lat' dir='ltr'>Vestra</span> <span class='ocrx_word' id='word_1_155' title='bbox 899 1295 1132 1334; x_wconf 88' lang='lat' dir='ltr'>auctoritate</span> <span class='ocrx_word' id='word_1_156' title='bbox 1164 1296 1240 1333; x_wconf 89' lang='lat' dir='ltr'>hoc</span> <span class='ocrx_word' id='word_1_157' title='bbox 1276 1294 1547 1343; x_wconf 86' lang='lat' dir='ltr'>constituetur,</span> 
     </span>
     <span class='ocr_line' id='line_1_20' title="bbox 219 1359 1552 1415; baseline -0.005 -12"><span class='ocrx_word' id='word_1_158' title='bbox 219 1366 295 1403; x_wconf 87' lang='lat' dir='ltr'>hoc</span> <span class='ocrx_word' id='word_1_159' title='bbox 342 1363 649 1415; x_wconf 88' lang='lat' dir='ltr'>praescribetur:</span> <span class='ocrx_word' id='word_1_160' title='bbox 700 1362 861 1413; x_wconf 85' lang='lat' dir='ltr'>quicum</span> <span class='ocrx_word' id='word_1_161' title='bbox 908 1369 950 1399; x_wconf 91' lang='lat' dir='ltr'>tu</span> <span class='ocrx_word' id='word_1_162' title='bbox 998 1361 1165 1410; x_wconf 89' lang='lat' dir='ltr'>posthac</span> <span class='ocrx_word' id='word_1_163' title='bbox 1210 1360 1260 1398; x_wconf 88' lang='lat' dir='ltr'>de</span> <span class='ocrx_word' id='word_1_164' title='bbox 1302 1359 1552 1410; x_wconf 82' lang='lat' dir='ltr'>possessione</span> 
     </span>
     <span class='ocr_line' id='line_1_21' title="bbox 218 1424 1612 1478; baseline -0.004 -10"><span class='ocrx_word' id='word_1_165' title='bbox 218 1431 449 1476; x_wconf 83' lang='lat' dir='ltr'>contendes,</span> <span class='ocrx_word' id='word_1_166' title='bbox 475 1442 566 1467; x_wconf 87' lang='lat' dir='ltr'>eurn</span> <span class='ocrx_word' id='word_1_167' title='bbox 597 1428 629 1466; x_wconf 91' lang='lat' dir='ltr'>si</span> <span class='ocrx_word' id='word_1_168' title='bbox 659 1427 877 1478; x_wconf 83' lang='lat' dir='ltr'>ingressum</span> <span class='ocrx_word' id='word_1_169' title='bbox 910 1427 1031 1464; x_wconf 88' lang='lat' dir='ltr'>modo</span> <span class='ocrx_word' id='word_1_170' title='bbox 1053 1425 1092 1463; x_wconf 89' lang='lat' dir='ltr'>in</span> <span class='ocrx_word' id='word_1_171' title='bbox 1114 1424 1319 1476; x_wconf 85' lang='lat' dir='ltr'>praedium</span> <span class='ocrx_word' id='word_1_172' title='bbox 1349 1424 1550 1473; x_wconf 87' lang='lat' dir='ltr'>deieceris,</span> <span class='ocrx_word' id='word_1_173' title='bbox 1572 1435 1612 1457; x_wconf 89' lang='lat'>20</span> 
     </span>
     <span class='ocr_line' id='line_1_22' title="bbox 219 1491 1552 1546; baseline -0.005 -12"><span class='ocrx_word' id='word_1_174' title='bbox 219 1495 398 1534; x_wconf 89' lang='lat' dir='ltr'>restituas</span> <span class='ocrx_word' id='word_1_175' title='bbox 428 1494 624 1546; x_wconf 87' lang='lat' dir='ltr'>oportebit</span> <span class='ocrx_word' id='word_1_176' title='bbox 641 1509 651 1542; x_wconf 72' lang='lat'>5</span> <span class='ocrx_word' id='word_1_177' title='bbox 682 1493 741 1531; x_wconf 88' lang='lat' dir='ltr'>sin</span> <span class='ocrx_word' id='word_1_178' title='bbox 762 1501 894 1531; x_wconf 88' lang='lat' dir='ltr'>autem</span> <span class='ocrx_word' id='word_1_179' title='bbox 918 1491 1151 1542; x_wconf 84' lang='lat' dir='ltr'>ingredienti</span> <span class='ocrx_word' id='word_1_180' title='bbox 1172 1504 1263 1529; x_wconf 86' lang='lat' dir='ltr'>cum</span> <span class='ocrx_word' id='word_1_181' title='bbox 1288 1499 1436 1529; x_wconf 86' lang='lat' dir='ltr'>armata</span> <span class='ocrx_word' id='word_1_182' title='bbox 1455 1493 1552 1529; x_wconf 90' lang='lat' dir='ltr'>mul-</span> 
     </span>
     <span class='ocr_line' id='line_1_23' title="bbox 219 1555 1552 1606; baseline -0.004 -7"><span class='ocrx_word' id='word_1_183' title='bbox 219 1560 387 1599; x_wconf 87' lang='lat' dir='ltr'>titudine</span> <span class='ocrx_word' id='word_1_184' title='bbox 417 1559 555 1598; x_wconf 89' lang='lat' dir='ltr'>obvius</span> <span class='ocrx_word' id='word_1_185' title='bbox 588 1559 703 1597; x_wconf 82' lang='lat' dir='ltr'>fueris</span> <span class='ocrx_word' id='word_1_186' title='bbox 734 1567 771 1597; x_wconf 89' lang='lat' dir='ltr'>et</span> <span class='ocrx_word' id='word_1_187' title='bbox 802 1558 854 1596; x_wconf 84' lang='lat' dir='ltr'>ita</span> <span class='ocrx_word' id='word_1_188' title='bbox 885 1557 1108 1596; x_wconf 81' lang='lat' dir='ltr'>venientem</span> <span class='ocrx_word' id='word_1_189' title='bbox 1139 1555 1364 1606; x_wconf 86' lang='lat' dir='ltr'>reppuleris‚</span> <span class='ocrx_word' id='word_1_190' title='bbox 1396 1556 1552 1606; x_wconf 83' lang='lat' dir='ltr'>fugaris,</span> 
     </span>
     <span class='ocr_line' id='line_1_24' title="bbox 220 1621 1551 1673; baseline -0.004 -9"><span class='ocrx_word' id='word_1_191' title='bbox 220 1625 413 1673; x_wconf 88' lang='lat' dir='ltr'>averteris,</span> <span class='ocrx_word' id='word_1_192' title='bbox 437 1639 516 1663; x_wconf 87' lang='lat' dir='ltr'>non</span> <span class='ocrx_word' id='word_1_193' title='bbox 540 1624 728 1663; x_wconf 88' lang='lat' dir='ltr'>restitues.</span> <span class='ocrx_word' id='word_1_194' title='bbox 794 1623 892 1662; x_wconf 85' lang='lat' dir='ltr'>Iuris</span> <span class='ocrx_word' id='word_1_195' title='bbox 915 1623 946 1661; x_wconf 92' lang='lat' dir='ltr'>si</span> <span class='ocrx_word' id='word_1_196' title='bbox 968 1624 1066 1661; x_wconf 85' lang='lat' dir='ltr'>haec</span> <span class='ocrx_word' id='word_1_197' title='bbox 1087 1635 1162 1660; x_wconf 81' lang='lat' dir='ltr'>vox</span> <span class='ocrx_word' id='word_1_198' title='bbox 1183 1629 1250 1668; x_wconf 82' lang='lat' dir='ltr'>est,</span> <span class='ocrx_word' id='word_1_199' title='bbox 1271 1635 1355 1660; x_wconf 88' lang='lat' dir='ltr'>esse</span> <span class='ocrx_word' id='word_1_200' title='bbox 1375 1621 1453 1659; x_wconf 79' lang='lat' dir='ltr'>vim</span> <span class='ocrx_word' id='word_1_201' title='bbox 1470 1635 1551 1660; x_wconf 91' lang='lat' dir='ltr'>non</span> 
     </span>
     <span class='ocr_line' id='line_1_25' title="bbox 222 1686 1552 1735; baseline -0.003 -7"><span class='ocrx_word' id='word_1_202' title='bbox 222 1690 261 1728; x_wconf 88' lang='lat' dir='ltr'>in</span> <span class='ocrx_word' id='word_1_203' title='bbox 296 1692 417 1728; x_wconf 82' lang='lat' dir='ltr'>caede</span> <span class='ocrx_word' id='word_1_204' title='bbox 447 1691 573 1728; x_wconf 88' lang='lat' dir='ltr'>solum</span> <span class='ocrx_word' id='word_1_205' title='bbox 607 1691 676 1727; x_wconf 89' lang='lat' dir='ltr'>sed</span> <span class='ocrx_word' id='word_1_206' title='bbox 709 1689 826 1727; x_wconf 81' lang='lat' dir='ltr'>etiam</span> <span class='ocrx_word' id='word_1_207' title='bbox 864 1688 902 1726; x_wconf 88' lang='lat' dir='ltr'>in</span> <span class='ocrx_word' id='word_1_208' title='bbox 937 1688 1086 1735; x_wconf 85' lang='lat' dir='ltr'>animo,</span> <span class='ocrx_word' id='word_1_209' title='bbox 1114 1686 1298 1734; x_wconf 78' lang='lat' dir='ltr'>libidinis,</span> <span class='ocrx_word' id='word_1_210' title='bbox 1336 1686 1409 1724; x_wconf 90' lang='lat' dir='ltr'>nisi</span> <span class='ocrx_word' id='word_1_211' title='bbox 1439 1700 1552 1725; x_wconf 92' lang='lat' dir='ltr'>cruor</span> 
     </span>
     <span class='ocr_line' id='line_1_26' title="bbox 222 1751 1610 1806; baseline -0.001 -12"><span class='ocrx_word' id='word_1_212' title='bbox 222 1765 416 1806; x_wconf 80' lang='lat' dir='ltr'>appareat,</span> <span class='ocrx_word' id='word_1_213' title='bbox 452 1755 528 1792; x_wconf 84' lang='lat' dir='ltr'>vim</span> <span class='ocrx_word' id='word_1_214' title='bbox 565 1768 645 1792; x_wconf 89' lang='lat' dir='ltr'>non</span> <span class='ocrx_word' id='word_1_215' title='bbox 681 1768 766 1792; x_wconf 84' lang='lat' dir='ltr'>esse</span> <span class='ocrx_word' id='word_1_216' title='bbox 803 1756 973 1801; x_wconf 72' lang='lat' dir='ltr'>factam,</span> <span class='ocrx_word' id='word_1_217' title='bbox 1004 1753 1109 1801; x_wconf 79' lang='lat' dir='ltr'>iuris,</span> <span class='ocrx_word' id='word_1_218' title='bbox 1135 1753 1332 1791; x_wconf 87' lang='lat' dir='ltr'>deiectum</span> <span class='ocrx_word' id='word_1_219' title='bbox 1362 1765 1447 1790; x_wconf 91' lang='lat' dir='ltr'>esse</span> <span class='ocrx_word' id='word_1_220' title='bbox 1484 1751 1550 1802; x_wconf 86' lang='lat' dir='ltr'>qui</span> <span class='ocrx_word' id='word_1_221' title='bbox 1573 1760 1610 1792; x_wconf 85' lang='lat'>25</span> 
     </span>
     <span class='ocr_line' id='line_1_27' title="bbox 223 1817 1550 1872; baseline -0.003 -14"><span class='ocrx_word' id='word_1_222' title='bbox 223 1821 441 1872; x_wconf 79' lang='lat' dir='ltr'>prohibitus</span> <span class='ocrx_word' id='word_1_223' title='bbox 483 1820 542 1866; x_wconf 91' lang='lat' dir='ltr'>sit,</span> <span class='ocrx_word' id='word_1_224' title='bbox 581 1819 765 1866; x_wconf 86' lang='lat' dir='ltr'>libidinis,</span> <span class='ocrx_word' id='word_1_225' title='bbox 814 1820 886 1857; x_wconf 88' lang='lat' dir='ltr'>nisi</span> <span class='ocrx_word' id='word_1_226' title='bbox 931 1834 976 1858; x_wconf 80' lang='lat' dir='ltr'>ex</span> <span class='ocrx_word' id='word_1_227' title='bbox 1026 1833 1072 1857; x_wconf 92' lang='lat' dir='ltr'>eo</span> <span class='ocrx_word' id='word_1_228' title='bbox 1111 1820 1200 1857; x_wconf 85' lang='lat' dir='ltr'>loco</span> <span class='ocrx_word' id='word_1_229' title='bbox 1239 1817 1306 1856; x_wconf 89' lang='lat' dir='ltr'>ubi</span> <span class='ocrx_word' id='word_1_230' title='bbox 1344 1817 1550 1867; x_wconf 73' lang='lat' dir='ltr'>vestigium</span> 
     </span>
     <span class='ocr_line' id='line_1_28' title="bbox 270 1923 1552 1965; baseline -0.004 -7"><span class='ocrx_word' id='word_1_231' title='bbox 270 1937 282 1956; x_wconf 87' lang='lat'>1</span> <span class='ocrx_word' id='word_1_232' title='bbox 310 1933 341 1957; x_wconf 75' lang='lat' dir='ltr'>at</span> <span class='ocrx_word' id='word_1_233' title='bbox 369 1931 453 1956; x_wconf 62' lang='lat' dir='ltr'>sant:</span> <span class='ocrx_word' id='word_1_234' title='bbox 479 1925 685 1963; x_wconf 57' lang='lat' dir='ltr'>usucapione</span> <span class='ocrx_word' id='word_1_235' title='bbox 711 1927 823 1958; x_wconf 62' lang='lat' dir='ltr'>codd:</span> <span class='ocrx_word' id='word_1_236' title='bbox 858 1938 933 1958; x_wconf 74' lang='lat' dir='ltr'>corr.</span> <span class='ocrx_word' id='word_1_237' title='bbox 955 1927 999 1957; x_wconf 77' lang='lat' dir='ltr'>ed.</span> <span class='ocrx_word' id='word_1_238' title='bbox 1025 1927 1055 1957; x_wconf 77' lang='lat' dir='ltr'><em>V</em></span> <span class='ocrx_word' id='word_1_239' title='bbox 1191 1937 1208 1955; x_wconf 83' lang='lat'>2</span> <span class='ocrx_word' id='word_1_240' title='bbox 1235 1924 1419 1965; x_wconf 77' lang='lat' dir='ltr'>periculum</span> <span class='ocrx_word' id='word_1_241' title='bbox 1438 1923 1552 1954; x_wconf 62' lang='lat' dir='ltr'>codd:</span> 
     </span>
     <span class='ocr_line' id='line_1_29' title="bbox 223 1969 1552 2010; baseline -0.005 -6"><span class='ocrx_word' id='word_1_242' title='bbox 223 1981 295 2002; x_wconf 60' lang='lat' dir='ltr'>corr</span> <span class='ocrx_word' id='word_1_243' title='bbox 321 1970 483 2004; x_wconf 49' lang='lat' dir='ltr'>Angelius</span> <span class='ocrx_word' id='word_1_244' title='bbox 619 1979 636 2006; x_wconf 89' lang='lat'><strong>4</strong></span> <span class='ocrx_word' id='word_1_245' title='bbox 663 1978 746 2010; x_wconf 55' lang='grc' dir='ltr'>(Ιῌςς</span> <span class='ocrx_word' id='word_1_246' title='bbox 770 1972 884 2001; x_wconf 73' lang='lat' dir='ltr'>harum</span> <span class='ocrx_word' id='word_1_247' title='bbox 909 1971 980 2002; x_wconf 83' lang='lat' dir='ltr'>TE¹</span> <span class='ocrx_word' id='word_1_248' title='bbox 1073 1970 1114 2001; x_wconf 82' lang='lat' dir='ltr'>ab</span> <span class='ocrx_word' id='word_1_249' title='bbox 1136 1969 1216 2000; x_wconf 83' lang='lat' dir='ltr'>TE:</span> <span class='ocrx_word' id='word_1_250' title='bbox 1245 1980 1309 2000; x_wconf 83' lang='lat' dir='ltr'>om.</span> <span class='ocrx_word' id='word_1_251' title='bbox 1331 1972 1396 1999; x_wconf 80' lang='lat' dir='ltr'>cell.</span> <span class='ocrx_word' id='word_1_252' title='bbox 1532 1969 1552 1998; x_wconf 91' lang='lat'><em>8</em></span> 
     </span>
     <span class='ocr_line' id='line_1_30' title="bbox 223 2010 1550 2054; baseline -0.003 -8"><span class='ocrx_word' id='word_1_253' title='bbox 223 2024 337 2045; x_wconf 73' lang='lat' dir='ltr'>verum</span> <span class='ocrx_word' id='word_1_254' title='bbox 361 2012 436 2043; x_wconf 82' lang='lat' dir='ltr'>TE:</span> <span class='ocrx_word' id='word_1_255' title='bbox 462 2013 520 2042; x_wconf 73' lang='lat' dir='ltr'>sed</span> <span class='ocrx_word' id='word_1_256' title='bbox 538 2016 603 2042; x_wconf 70' lang='lat' dir='ltr'><em>fell·</em></span> <span class='ocrx_word' id='word_1_257' title='bbox 675 2010 683 2018; x_wconf 68' lang='lat'><em>⁶</em></span> <span class='ocrx_word' id='word_1_258' title='bbox 724 2027 744 2054; x_wconf 89' lang='lat'>9</span> <span class='ocrx_word' id='word_1_259' title='bbox 769 2015 862 2045; x_wconf 76' lang='lat' dir='ltr'>dimit</span> <span class='ocrx_word' id='word_1_260' title='bbox 883 2015 946 2045; x_wconf 88' lang='lat' dir='ltr'>itur</span> <span class='ocrx_word' id='word_1_261' title='bbox 963 2014 1008 2046; x_wconf 70' lang='lat' dir='ltr'>rd.</span> <span class='ocrx_word' id='word_1_262' title='bbox 1027 2014 1058 2044; x_wconf 83' lang='lat' dir='ltr'><em>R</em></span> <span class='ocrx_word' id='word_1_263' title='bbox 1152 2024 1187 2043; x_wconf 79' lang='lat'>12</span> <span class='ocrx_word' id='word_1_264' title='bbox 1205 2013 1234 2042; x_wconf 86' lang='lat' dir='ltr'>vi</span> <span class='ocrx_word' id='word_1_265' title='bbox 1253 2013 1295 2043; x_wconf 78' lang='lat' dir='ltr'>k:</span> <span class='ocrx_word' id='word_1_266' title='bbox 1320 2017 1355 2043; x_wconf 85' lang='lat' dir='ltr'>ut</span> <span class='ocrx_word' id='word_1_267' title='bbox 1374 2016 1424 2052; x_wconf 71' lang='lat' dir='ltr'>(ut</span> <span class='ocrx_word' id='word_1_268' title='bbox 1441 2012 1467 2041; x_wconf 47' lang='lat' dir='ltr'>cl</span> <span class='ocrx_word' id='word_1_269' title='bbox 1486 2015 1550 2042; x_wconf 79' lang='lat' dir='ltr'>cett.</span> 
     </span>
     <span class='ocr_line' id='line_1_31' title="bbox 228 2055 1552 2097; baseline -0.003 -9"><span class='ocrx_word' id='word_1_270' title='bbox 228 2068 264 2097; x_wconf 81' lang='lat'>¹3</span> <span class='ocrx_word' id='word_1_271' title='bbox 289 2062 417 2087; x_wconf 64' lang='lat' dir='ltr'>constat</span> <span class='ocrx_word' id='word_1_272' title='bbox 447 2056 495 2086; x_wconf 88' lang='lat' dir='ltr'>T:</span> <span class='ocrx_word' id='word_1_273' title='bbox 527 2062 661 2088; x_wconf 81' lang='lat' dir='ltr'>constet</span> <span class='ocrx_word' id='word_1_274' title='bbox 687 2064 754 2093; x_wconf 70' lang='lat' dir='ltr'>rest,</span> <span class='ocrx_word' id='word_1_275' title='bbox 849 2068 885 2096; x_wconf 86' lang='lat'>15</span> <span class='ocrx_word' id='word_1_276' title='bbox 911 2058 1012 2088; x_wconf 83' lang='lat' dir='ltr'>ferret</span> <span class='ocrx_word' id='word_1_277' title='bbox 1032 2059 1082 2088; x_wconf 57' lang='lat'>5:</span> <span class='ocrx_word' id='word_1_278' title='bbox 1116 2058 1213 2088; x_wconf 87' lang='lat' dir='ltr'>territ</span> <span class='ocrx_word' id='word_1_279' title='bbox 1237 2056 1282 2087; x_wconf 83' lang='lat' dir='ltr'>T:</span> <span class='ocrx_word' id='word_1_280' title='bbox 1315 2061 1425 2086; x_wconf 80' lang='lat' dir='ltr'>terrae</span> <span class='ocrx_word' id='word_1_281' title='bbox 1450 2055 1552 2091; x_wconf 60' lang='lat' dir='ltr'>(feret</span> 
     </span>
     <span class='ocr_line' id='line_1_32' title="bbox 224 2098 1546 2142; baseline -0.002 -11"><span class='ocrx_word' id='word_1_282' title='bbox 224 2100 356 2140; x_wconf 76' lang='lat' dir='ltr'>Mmg.)</span> <span class='ocrx_word' id='word_1_283' title='bbox 374 2104 437 2130; x_wconf 82' lang='lat' dir='ltr'>cett.</span> <span class='ocrx_word' id='word_1_284' title='bbox 625 2113 662 2142; x_wconf 86' lang='lat'>17</span> <span class='ocrx_word' id='word_1_285' title='bbox 687 2104 771 2133; x_wconf 76' lang='lat' dir='ltr'>bona</span> <span class='ocrx_word' id='word_1_286' title='bbox 793 2102 839 2132; x_wconf 87' lang='lat' dir='ltr'>M¹</span> <span class='ocrx_word' id='word_1_287' title='bbox 858 2114 865 2133; x_wconf 71' lang='grc' dir='ltr'>ε</span> <span class='ocrx_word' id='word_1_288' title='bbox 889 2103 996 2133; x_wconf 87' lang='lat' dir='ltr'>bonae</span> <span class='ocrx_word' id='word_1_289' title='bbox 1012 2106 1070 2133; x_wconf 82' lang='lat' dir='ltr'>cett</span> <span class='ocrx_word' id='word_1_290' title='bbox 1209 2101 1359 2131; x_wconf 87' lang='lat' dir='ltr'>omnium</span> <span class='ocrx_word' id='word_1_291' title='bbox 1382 2098 1460 2129; x_wconf 89' lang='lat' dir='ltr'>TE:</span> <span class='ocrx_word' id='word_1_292' title='bbox 1484 2109 1546 2129; x_wconf 83' lang='lat' dir='ltr'>om.</span> 
     </span>
     <span class='ocr_line' id='line_1_33' title="bbox 223 2145 1549 2194; baseline -0.003 -19"><span class='ocrx_word' id='word_1_293' title='bbox 223 2149 286 2194; x_wconf 51' lang='lat' dir='ltr'>cert.</span> <span class='ocrx_word' id='word_1_294' title='bbox 427 2147 463 2175; x_wconf 87' lang='lat'>18</span> <span class='ocrx_word' id='word_1_295' title='bbox 488 2148 737 2177; x_wconf 57' lang='lat' dir='ltr'>revocabuntur</span> <span class='ocrx_word' id='word_1_296' title='bbox 750 2146 827 2176; x_wconf 80' lang='lat' dir='ltr'>Nau</span> <span class='ocrx_word' id='word_1_297' title='bbox 849 2146 937 2176; x_wconf 71' lang='lat' dir='ltr'>erius</span> <span class='ocrx_word' id='word_1_298' title='bbox 954 2147 1016 2183; x_wconf 47' lang='lat' dir='ltr'>(qu</span> <span class='ocrx_word' id='word_1_299' title='bbox 1036 2147 1072 2185; x_wconf 65' lang='lat' dir='ltr'>qf.</span> <span class='ocrx_word' id='word_1_300' title='bbox 1093 2145 1253 2182; x_wconf 69' lang='lat' dir='ltr'>Zielinski,</span> <span class='ocrx_word' id='word_1_301' title='bbox 1270 2149 1304 2184; x_wconf 81' lang='lat' dir='ltr'>p.</span> <span class='ocrx_word' id='word_1_302' title='bbox 1322 2154 1382 2183; x_wconf 88' lang='lat'>199</span> <span class='ocrx_word' id='word_1_303' title='bbox 1471 2152 1549 2173; x_wconf 89' lang='lat' dir='ltr'>con-</span> 
     </span>
     <span class='ocr_line' id='line_1_34' title="bbox 224 2187 1548 2229; baseline -0.002 -11"><span class='ocrx_word' id='word_1_304' title='bbox 224 2193 381 2220; x_wconf 67' lang='lat' dir='ltr'>st1tu0tur</span> <span class='ocrx_word' id='word_1_305' title='bbox 402 2214 408 2221; x_wconf 91' lang='lat'>.</span> <span class='ocrx_word' id='word_1_306' title='bbox 435 2214 442 2220; x_wconf 89' lang='lat'>.</span> <span class='ocrx_word' id='word_1_307' title='bbox 473 2213 479 2220; x_wconf 93' lang='lat'>.</span> <span class='ocrx_word' id='word_1_308' title='bbox 509 2191 759 2229; x_wconf 60' lang='lat' dir='ltr'>praescribetur</span> <span class='ocrx_word' id='word_1_309' title='bbox 783 2190 824 2220; x_wconf 81' lang='lat' dir='ltr'>k:</span> <span class='ocrx_word' id='word_1_310' title='bbox 863 2190 1079 2220; x_wconf 83' lang='lat' dir='ltr'>constitueret</span> <span class='ocrx_word' id='word_1_311' title='bbox 1106 2199 1121 2218; x_wconf 91' lang='lat' dir='ltr'>r</span> <span class='ocrx_word' id='word_1_312' title='bbox 1142 2212 1149 2218; x_wconf 96' lang='lat'>.</span> <span class='ocrx_word' id='word_1_313' title='bbox 1170 2213 1176 2218; x_wconf 90' lang='lat'>.</span> <span class='ocrx_word' id='word_1_314' title='bbox 1197 2212 1204 2219; x_wconf 87' lang='lat'>.</span> <span class='ocrx_word' id='word_1_315' title='bbox 1226 2187 1457 2227; x_wconf 81' lang='lat' dir='ltr'>praescribere</span> <span class='ocrx_word' id='word_1_316' title='bbox 1482 2189 1548 2215; x_wconf 83' lang='lat' dir='ltr'><em>cett.</em></span> 
     </span>
     <span class='ocr_line' id='line_1_35' title="bbox 223 2230 1551 2270; baseline -0.003 -8"><span class='ocrx_word' id='word_1_317' title='bbox 223 2241 265 2262; x_wconf 81' lang='lat'>20</span> <span class='ocrx_word' id='word_1_318' title='bbox 289 2234 455 2264; x_wconf 82' lang='lat' dir='ltr'>deieceris</span> <span class='ocrx_word' id='word_1_319' title='bbox 481 2234 533 2265; x_wconf 63' lang='grc' dir='ltr'>(ἴε</span> <span class='ocrx_word' id='word_1_320' title='bbox 570 2235 738 2270; x_wconf 62' lang='lat' dir='ltr'>delegeris</span> <span class='ocrx_word' id='word_1_321' title='bbox 764 2237 828 2264; x_wconf 65' lang='lat' dir='ltr'>rell.</span> <span class='ocrx_word' id='word_1_322' title='bbox 858 2233 921 2263; x_wconf 73' lang='grc' dir='ltr'>1Ιιίε</span> <span class='ocrx_word' id='word_1_323' title='bbox 942 2233 1014 2264; x_wconf 68' lang='lat' dir='ltr'>hab.</span> <span class='ocrx_word' id='word_1_324' title='bbox 1047 2232 1104 2262; x_wconf 83' lang='lat' dir='ltr'>TE</span> <span class='ocrx_word' id='word_1_325' title='bbox 1137 2236 1211 2262; x_wconf 70' lang='lat' dir='ltr'>ante</span> <span class='ocrx_word' id='word_1_326' title='bbox 1234 2233 1267 2262; x_wconf 89' lang='lat' dir='ltr'>in</span> <span class='ocrx_word' id='word_1_327' title='bbox 1294 2230 1377 2269; x_wconf 62' lang='lat' dir='ltr'>cett.)</span> <span class='ocrx_word' id='word_1_328' title='bbox 1510 2239 1551 2268; x_wconf 87' lang='lat'>23</span> 
     </span>
     <span class='ocr_line' id='line_1_36' title="bbox 225 2272 1548 2318; baseline -0.003 -12"><span class='ocrx_word' id='word_1_329' title='bbox 225 2277 371 2307; x_wconf 57' lang='lat' dir='ltr'>restitus</span> <span class='ocrx_word' id='word_1_330' title='bbox 389 2277 477 2307; x_wconf 80' lang='lat' dir='ltr'>codd.</span> <span class='ocrx_word' id='word_1_331' title='bbox 499 2290 504 2308; x_wconf 90' lang='lat'>:</span> <span class='ocrx_word' id='word_1_332' title='bbox 531 2288 610 2308; x_wconf 75' lang='lat' dir='ltr'>corr.</span> <span class='ocrx_word' id='word_1_333' title='bbox 624 2277 762 2318; x_wconf 76' lang='lat' dir='ltr'>Naugrr</span> <span class='ocrx_word' id='word_1_334' title='bbox 774 2287 814 2308; x_wconf 83' lang='lat' dir='ltr'>us</span> <span class='ocrx_word' id='word_1_335' title='bbox 833 2280 840 2299; x_wconf 58' lang='lat' dir='ltr'><em>s</em></span> <span class='ocrx_word' id='word_1_336' title='bbox 852 2280 883 2307; x_wconf 61' lang='grc'>11</span> <span class='ocrx_word' id='word_1_337' title='bbox 996 2277 1074 2307; x_wconf 87' lang='lat' dir='ltr'>iuris</span> <span class='ocrx_word' id='word_1_338' title='bbox 1093 2277 1119 2306; x_wconf 88' lang='lat' dir='ltr'>si</span> <span class='ocrx_word' id='word_1_339' title='bbox 1133 2275 1266 2306; x_wconf 70' lang='lat' dir='ltr'>Baiter:</span> <span class='ocrx_word' id='word_1_340' title='bbox 1290 2280 1325 2306; x_wconf 86' lang='lat' dir='ltr'>tu</span> <span class='ocrx_word' id='word_1_341' title='bbox 1344 2284 1399 2305; x_wconf 84' lang='lat' dir='ltr'>res</span> <span class='ocrx_word' id='word_1_342' title='bbox 1415 2274 1441 2304; x_wconf 88' lang='lat' dir='ltr'>si</span> <span class='ocrx_word' id='word_1_343' title='bbox 1459 2272 1548 2303; x_wconf 89' lang='lat' dir='ltr'>codd.</span> 
     </span>
    </p>
   </div>
   <div class='ocr_carea' id='block_1_3' title="bbox 223 2316 1551 2405">
    <p class='ocr_par' dir='ltr' id='par_1_3' title="bbox 223 2316 1551 2405">
     <span class='ocr_line' id='line_1_37' title="bbox 225 2316 1551 2359; baseline -0.002 -10"><span class='ocrx_word' id='word_1_344' title='bbox 225 2320 307 2350; x_wconf 86' lang='lat' dir='ltr'>haec</span> <span class='ocrx_word' id='word_1_345' title='bbox 327 2331 395 2350; x_wconf 63' lang='lat' dir='ltr'>*eci</span> <span class='ocrx_word' id='word_1_346' title='bbox 416 2331 480 2351; x_wconf 80' lang='lat' dir='ltr'>vox</span> <span class='ocrx_word' id='word_1_347' title='bbox 501 2323 614 2354; x_wconf 53' lang='lat' dir='ltr'>(vosxl</span> <span class='ocrx_word' id='word_1_348' title='bbox 635 2326 686 2352; x_wconf 86' lang='lat' dir='ltr'>est</span> <span class='ocrx_word' id='word_1_349' title='bbox 705 2331 780 2351; x_wconf 71' lang='lat' dir='ltr'>esse</span> <span class='ocrx_word' id='word_1_350' title='bbox 803 2320 850 2351; x_wconf 89' lang='lat' dir='ltr'>T:</span> <span class='ocrx_word' id='word_1_351' title='bbox 881 2331 986 2359; x_wconf 85' lang='lat' dir='ltr'>equos</span> <span class='ocrx_word' id='word_1_352' title='bbox 1003 2324 1117 2350; x_wconf 82' lang='lat' dir='ltr'>vester</span> <span class='ocrx_word' id='word_1_353' title='bbox 1132 2320 1158 2350; x_wconf 89' lang='lat' dir='ltr'>si</span> <span class='ocrx_word' id='word_1_354' title='bbox 1176 2323 1241 2350; x_wconf 78' lang='lat' dir='ltr'>celt.</span> <span class='ocrx_word' id='word_1_355' title='bbox 1358 2327 1399 2357; x_wconf 88' lang='lat'>25</span> <span class='ocrx_word' id='word_1_356' title='bbox 1423 2317 1455 2347; x_wconf 86' lang='lat' dir='ltr'>in</span> <span class='ocrx_word' id='word_1_357' title='bbox 1471 2316 1551 2347; x_wconf 86' lang='lat' dir='ltr'>iuris</span> 
     </span>
     <span class='ocr_line' id='line_1_38' title="bbox 223 2362 1373 2405; baseline 0 -12"><span class='ocrx_word' id='word_1_358' title='bbox 223 2362 310 2394; x_wconf 87' lang='lat' dir='ltr'>codd.</span> <span class='ocrx_word' id='word_1_359' title='bbox 332 2374 338 2394; x_wconf 89' lang='lat'>:</span> <span class='ocrx_word' id='word_1_360' title='bbox 365 2375 443 2396; x_wconf 82' lang='lat' dir='ltr'>corr.</span> <span class='ocrx_word' id='word_1_361' title='bbox 464 2362 606 2405; x_wconf 84' lang='lat' dir='ltr'>Madvig</span> <span class='ocrx_word' id='word_1_362' title='bbox 693 2365 859 2395; x_wconf 86' lang='lat' dir='ltr'>deiectum</span> <span class='ocrx_word' id='word_1_363' title='bbox 882 2363 928 2394; x_wconf 87' lang='lat' dir='ltr'>T:</span> <span class='ocrx_word' id='word_1_364' title='bbox 955 2363 1113 2394; x_wconf 78' lang='lat' dir='ltr'>delictum</span> <span class='ocrx_word' id='word_1_365' title='bbox 1134 2363 1209 2404; x_wconf 76' lang='lat' dir='ltr'>(-le—</span> <span class='ocrx_word' id='word_1_366' title='bbox 1231 2363 1286 2405; x_wconf 78' lang='lat' dir='ltr'>M&gt;</span> <span class='ocrx_word' id='word_1_367' title='bbox 1307 2366 1373 2393; x_wconf 83' lang='lat' dir='ltr'>cett.</span> 
     </span>
    </p>
   </div>
  </div>
 </body>
</html>
