1716 2662
395 70 506 109 PRO
537 71 577 107 P.
610 70 892 119 QVINCTIO
922 71 1140 109 ORATIO
1372 81 1427 118 29
1449 78 1491 119 89

102 185 194 225 Dixi
223 186 388 224 domum
420 186 576 222 Romae
606 184 723 222 fuisse
752 196 833 233 quo
867 183 938 222 iste
968 196 1018 222 ne
1047 182 1223 233 aspirarit
1253 182 1425 233 quidem,

101 264 232 289 servos
266 248 489 300 compluris,
521 262 568 287 ex
606 248 749 298 quibus
784 247 856 286 iste
886 248 1104 298 possederit
1133 247 1345 295 neminem,
1379 261 1427 285 ne

99 315 267 366 attigerit
287 315 478 365 quidem3
506 326 630 352 unum
658 313 776 352 fuisse
803 326 921 363 quem
949 312 1139 363 attingere
1165 321 1330 351 conatus
1356 312 1429 360 sit3

101 379 342 431 prohibitum
369 378 575 429 quievisse.
636 379 683 416 In
711 377 795 428 ipsa
822 377 950 417 Gallia
976 377 1175 428 cognostis
1203 377 1242 415 in
1271 376 1429 428 praedia
1450 392 1491 424 90

62 462 80 493 5
101 445 250 496 privata
284 443 448 493 Quincti
482 445 568 483 Sex.
604 442 798 482 Naevium
837 456 917 481 non
950 442 1131 491 venisse3
1171 442 1344 493 denique
1381 455 1429 480 ex

101 510 178 549 hoc
198 510 284 559 ipso
304 510 404 547 saltu
425 522 542 558 quem
572 521 640 559 per
658 507 738 546 vim
767 509 930 558 expulso
958 507 1066 546 socio
1096 507 1270 557 possedit
1298 520 1429 546 servos

101 575 271 627 privatos
306 574 470 623 Quincti
505 588 579 612 non
614 573 743 612 omnis
778 574 924 612 eiectos
959 586 1056 612 esse.
1116 574 1175 611 Ex
1205 586 1285 623 quo
1314 580 1353 611 et
1382 585 1428 611 ex

101 642 239 679 ceteris
268 639 394 686 dictis,
427 639 538 678 factis
568 638 827 689 cogitatisque
861 639 946 677 Sex.
978 637 1105 677 Naevi
1139 637 1266 688 quivis
1301 646 1429 688 potest

102 706 326 756 intellegere
346 705 466 743 istum
486 704 583 742 nihil
603 704 710 743 aliud
732 703 856 755 egisse
878 717 1008 754 neque
1028 717 1134 742 nunc
1150 716 1263 754 agere
1280 703 1352 741 nisi
1375 703 1428 741 uti

44 786 82 809 10
102 785 170 824 per
189 771 280 819 vim,
303 784 371 821 per
391 770 582 817 iniuriam,
606 782 675 820 per
702 769 948 820 iniquitatem
977 768 1097 807 iudici
1124 776 1250 807 totum
1281 782 1430 819 agrum,

101 836 169 889 qui
199 836 422 876 communis
452 844 521 884 est,
553 849 668 874 suum
698 836 825 874 facere
855 835 989 886 possit.

156 903 275 941 Nunc
313 915 431 941 causa
473 909 652 953 perorata
690 914 749 939 res
785 900 869 952 ipsa
907 908 945 940 et
983 900 1144 951 periculi
1185 901 1427 950 magnitudo,

102 968 146 1008 C.
177 967 320 1018 Aquili,
351 980 490 1018 cogere
515 966 678 1013 videtur,
707 974 749 1004 ut
776 974 815 1005 te
840 974 959 1016 atque
984 979 1052 1005 eos
1080 965 1147 1016 qui
1175 966 1245 1004 tibi
1272 967 1309 1003 in
1337 978 1428 1004 con-

100 1031 188 1071 silio
202 1040 291 1071 sunt
308 1032 487 1071 obsecret
503 1032 799 1081 obtesteturque
818 1033 859 1068 P.
875 1030 1086 1079 Quinctius
1102 1044 1171 1081 per
1184 1038 1427 1069 senectutem

44 1113 81 1147 15
100 1111 147 1136 ac
167 1097 420 1136 solitudinem
442 1110 552 1136 suam
575 1095 671 1134 nihil
692 1096 800 1135 aliud
822 1095 894 1134 nisi
911 1103 953 1133 ut
970 1103 1118 1133 vestrae
1140 1103 1300 1134 naturae
1320 1094 1430 1134 boni-

102 1162 250 1213 tatique
279 1161 569 1212 obsequamini,
595 1169 651 1209 ut,
680 1174 770 1199 cum
798 1160 937 1199 veritas
966 1174 1048 1198 cum
1078 1161 1154 1198 hoc
1185 1159 1309 1207 faciat,
1343 1162 1429 1210 plus

101 1228 216 1267 huius
245 1227 380 1278 inopia
406 1227 530 1278 possit
559 1227 610 1265 ad
641 1225 947 1265 misericordiam
977 1239 1095 1276 quam
1127 1225 1228 1263 illius
1256 1239 1351 1275 opes
1378 1227 1428 1263 ad

101 1293 383 1333 crudelitatem.
443 1294 536 1342 Quo
563 1291 627 1331 die
653 1293 704 1330 ad
731 1299 769 1330 te
797 1291 967 1330 iudicem
989 1291 1180 1338 venimus,
1203 1292 1345 1330 eodem
1367 1291 1431 1330 die
1451 1308 1490 1337 92

101 1359 255 1397 illorum
286 1357 412 1396 minas
442 1370 538 1408 quas
568 1365 659 1395 ante
694 1357 949 1395 horrebamus
979 1357 1183 1406 neglegere
1213 1356 1427 1407 coepimuS.

43 1438 82 1460 20
101 1424 141 1463 Si
162 1437 280 1463 causa
296 1436 387 1462 curn
403 1436 522 1461 causa
538 1423 806 1470 contenderet,
826 1435 898 1460 nos
917 1429 1089 1460 nostram
1108 1420 1291 1472 perfacile
1308 1420 1430 1460 cuivis

101 1490 334 1540 probaturos
355 1488 624 1527 statuebamus
638 1501 648 1535 3
675 1488 784 1537 quod
806 1486 907 1525 vitae
927 1486 1026 1524 ratio
1047 1500 1137 1525 cum
1159 1486 1308 1524 ratione
1329 1485 1431 1525 vitae

102 1555 343 1601 decerneret,
370 1553 517 1593 idcirco
546 1552 662 1591 nobis
692 1551 809 1591 etiarn
841 1551 963 1602 magis
993 1559 1031 1590 te
1060 1551 1191 1590 iudice
1217 1565 1317 1602 opus
1345 1565 1430 1590 esse

101 1620 274 1659 arbitrati
295 1632 441 1658 sumus.
503 1620 561 1657 Ea
588 1632 648 1657 res
676 1631 781 1656 nunc
809 1617 913 1656 enim
937 1617 976 1655 in
998 1617 1223 1656 discrimine
1245 1624 1427 1664 versatur,

102 1693 233 1724 utrum
262 1685 437 1736 possitne
467 1698 508 1723 se
538 1691 674 1722 contra
708 1683 897 1722 luxuriem
930 1696 976 1721 ac
1010 1682 1209 1721 licentiam
1238 1682 1433 1720 rusticana

44 1763 82 1795 25
102 1750 167 1789 illa
186 1758 304 1801 atque
325 1749 472 1788 inculta
497 1748 734 1800 parsimonia
763 1750 975 1787 defendere
1001 1762 1051 1786 an
1074 1749 1292 1787 deformata
1314 1756 1433 1797 atque

102 1816 341 1855 ornamentis
363 1815 547 1854 omnibus
569 1815 735 1865 spoliata
756 1816 863 1853 nuda
886 1813 1090 1865 cupiditati
1114 1813 1434 1864 petulantiaeque

100 1881 315 1920 addicatur.
374 1882 469 1919 Non
504 1888 706 1932 comparat
740 1895 781 1920 se
818 1888 947 1919 tecum
981 1879 1102 1930 gratia
1135 1881 1175 1917 P.
1209 1877 1430 1927 Quinctius,
1451 1894 1494 1927 93

1448 882 1503 919 30

1450 943 1487 974 91

150 1996 162 2016 1
192 1986 320 2017 Romae
338 1986 472 2017 domurn
489 1986 533 2024 ὂχ
616 1986 794 2026 adspirarit
813 1984 885 2017 2²¹7*
1001 1996 1020 2016 2
1047 1984 1265 2024 quamplures
1281 1983 1311 2013 b¹
1414 1994 1432 2020 4

102 2029 321 2071 prohibitum]
347 2029 450 2060 fuisse
474 2030 594 2067 (fuisse
611 2034 644 2060 et
661 2030 695 2069 k)
715 2029 791 2060 add.
810 2029 896 2061 codd.
917 2040 923 2059 :
951 2029 1007 2060 del.
1036 2028 1179 2068 Madvig
1195 2028 1246 2067 (cf.
1267 2026 1432 2066 Zielinski,

97 2078 130 2114 p.
155 2074 231 2112 191)
389 2083 405 2112 7
433 2083 501 2103 non
527 2073 633 2114 suppl.
662 2073 721 2103 ltoc
744 2074 809 2104 loco
839 2073 1028 2113 Naugerius
1057 2074 1119 2112 (Ι),
1139 2076 1214 2102 ante
1237 2081 1312 2101 esse
1336 2070 1434 2100 Klotz

103 2127 179 2147 esse
198 2128 262 2147 om.
279 2117 309 2148 ‘3'
502 2127 539 2155 14
563 2116 657 2156 sunt]
676 2117 799 2147 adsunt
817 2115 1004 2147 Lambinus
1174 2125 1234 2155 per
1249 2114 1279 2144 ὁὶ
1296 2125 1302 2144 :
1326 2114 1368 2144 ad
1386 2117 1409 2143 Σ
1427 2125 1434 2144 z

103 2170 165 2200 per
183 2170 218 2190 se
237 2170 273 2190 ac
290 2164 357 2191 cett.
514 2164 723 2191 senectutem
742 2170 779 2190 ac
799 2160 859 2191 ΣΙ);
886 2164 1099 2190 senectutem
1119 2164 1152 2189 et
1170 2162 1235 2189 cett.
1396 2158 1434 2187 16

104 2213 176 2233 cum
194 2203 299 2243 suppl.
321 2203 512 2244 Naugerius
529 2205 578 2242 (Ι)
670 2203 749 2243 hoc]
769 2203 830 2234 hec
850 2203 905 2233 Σὸῐ
1023 2213 1130 2233 20—22
1157 2212 1219 2232 nos
1235 2225 1243 2233 .
1264 2226 1271 2233 .
1293 2226 1299 2232 .
1319 2201 1433 2231 decer-

104 2251 201 2278 neret
216 2257 280 2277 om.
303 2246 359 2276 Σὸῑ
451 2257 494 2278 20
516 2247 638 2287 cuivis]
658 2247 792 2286 quotvis
810 2246 860 2277 P:
887 2247 1018 2286 quoivis
1038 2245 1164 2276 Mz'c'llcr
1266 2255 1303 2275 21
1331 2249 1432 2275 statu-

103 2300 238 2321 eremus
255 2290 285 2321 c,-
375 2301 416 2321 22
439 2295 472 2321 te
491 2291 601 2321 iudice
620 2291 726 2329 magis
746 2294 768 2320 Σ
785 2301 792 2320 :
818 2295 850 2320 te
870 2291 976 2329 magis
996 2295 1084 2329 sup.
1103 2290 1141 2329 l.)
1161 2290 1267 2319 iudice
1283 2289 1302 2318 b
1392 2297 1431 2325 23

105 2344 193 2364 nunc
209 2334 298 2364 enim
317 2333 366 2364 P:
392 2334 480 2365 enim
500 2344 587 2364 nunc
605 2338 669 2364 cett.
761 2344 802 2372 24
828 2338 936 2364 utrum
954 2344 1020 2364 om.
1040 2334 1070 2364 ς’
1158 2342 1199 2371 25
1222 2332 1281 2373 an]
1301 2337 1358 2362 aut
1376 2331 1429 2362 Σὸῐ

105 2388 144 2417 27
169 2377 345 2409 addicatur
356 2375 407 2408 'Pk
421 2389 427 2408 :
452 2378 616 2409 adiciatur
629 2381 693 2409 cett.
709 2377 881 2419 (lammam
892 2378 1038 2418 posthoc
1049 2387 1112 2409 voc.
1125 2376 1198 2408 hab.
1217 2375 1429 2414 multicodd.)
