1747 2620
198 996 208 1016 1

216 137 238 176 7

211 925 234 962 8

266 134 302 165 16
630 130 684 166 M.
719 130 885 166 TVLLI
920 130 1226 167 ‹¹1(‘]12R()NIS

260 238 466 289 Pompeio,
498 237 676 276 omnium
716 238 892 288 gentium
934 237 1089 284 victore,
1125 250 1314 287 umquam
1347 250 1388 275 se
1419 237 1472 276 illi
1508 252 1590 277 rem

260 304 458 354 publicam
498 305 628 341 delere
663 316 778 353 posse
824 304 1028 341 duxerunt.
1088 305 1124 340 A
1170 315 1233 340 me
1271 302 1433 352 quidem
1471 303 1589 341 etiam

260 383 406 419 poenas
442 368 640 418 expetistis
673 368 817 418 quibus
852 368 1144 412 coniuratorum
1180 367 1306 406 manis
1346 374 1589 406 mortuorum

259 434 463 485 expiaretis
480 449 488 481 3
509 447 628 472 omne
645 433 781 472 odium
800 435 995 471 inclusum
1012 432 1167 472 nefariis
1182 432 1362 471 sensibus
1380 432 1590 483 impiorum

259 500 298 537 in
336 513 400 538 me
429 498 668 549 profudistis.
730 500 911 547 Quorum
942 511 1015 548 ego
1044 497 1162 537 furori
1192 497 1266 536 nisi
1300 500 1517 546 cessissem,
1550 498 1590 536 in

260 565 453 604 Catilinae
475 565 592 603 busto
613 563 724 603 vobis
745 564 915 603 ducibus
932 571 1123 602 mactatus
1139 576 1278 602 essem.
1321 565 1442 613 Quod
1457 572 1589 603 autem

259 630 384 670 maius
423 630 613 669 indicium
646 629 881 680 exspectatis
921 629 1017 667 nihil
1055 629 1155 668 inter
1192 643 1262 668 vos
1301 637 1339 668 et
1379 629 1589 669 Catilinam

258 698 477 735 interfuisse
498 709 617 746 quam
638 697 747 746 quod
770 696 939 735 eandem
961 694 1067 733 illam
1084 708 1245 734 manum
1263 708 1310 734 ex
1325 694 1590 735 intermortuis

257 762 450 800 Catilinae
471 761 643 812 reliquiis
665 760 903 808 concitastis,
929 761 1037 810 quod
1057 761 1186 799 omnis
1213 760 1391 811 undique
1414 760 1589 811 perditos

256 826 490 877 conlegistis,
514 828 624 877 quod
646 826 685 864 in
707 840 770 865 me
791 839 987 864 carcerem
1009 826 1211 873 effudistis,
1234 827 1343 876 quod
1363 826 1588 865 coniuratos

254 892 443 939 armastis,
474 893 582 942 quod
613 905 749 931 eorum
779 892 879 930 ferro
908 904 954 929 ac
986 889 1104 928 furori
1136 903 1269 929 meum
1299 903 1441 941 corpus
1469 898 1588 941 atque

254 958 433 996 omnium
460 957 656 996 bonorum
678 957 797 995 vitam
826 957 983 995 obicere
1011 955 1216 994 voluistis?
1273 957 1350 994 Sed
1371 956 1447 994 iam
1469 957 1586 995 redeo

254 1024 304 1061 ad
326 1025 563 1073 praeclaram
585 1023 690 1061 illam
712 1022 939 1061 contionem
962 1030 1081 1060 tuam.
1131 1023 1193 1060 Tu
1217 1035 1256 1059 es
1278 1021 1352 1068 ille,
1371 1023 1432 1059 cui
1454 1023 1587 1060 crude-

255 1088 340 1126 litas
361 1088 574 1138 displicet?
603 1088 685 1138 qui,
709 1101 799 1125 cum
828 1094 986 1125 senatus
1013 1088 1162 1124 luctum
1192 1100 1237 1124 ac
1267 1087 1444 1124 dolorem
1472 1100 1585 1124 suum

255 1152 371 1191 vestis
420 1153 638 1191 mutatione
687 1153 969 1191 declarandum
1019 1151 1245 1198 censuisset,
1296 1164 1386 1189 cum
1434 1151 1586 1190 videres

254 1232 426 1257 maerere
459 1232 540 1257 rem
572 1218 771 1269 publicam
803 1216 1035 1268 amplissimi
1069 1216 1217 1255 ordinis
1250 1218 1370 1263 luctu,
1401 1230 1426 1255 o
1455 1225 1587 1255 noster

254 1284 496 1323 misericors}
527 1284 622 1334 quid
645 1284 771 1322 facis?
829 1284 949 1332 Quod
979 1284 1085 1321 nulla
1111 1282 1151 1320 in
1179 1282 1356 1321 barbaria
1377 1282 1585 1333 quisquam

253 1358 450 1399 tyrannus.
511 1349 665 1388 Omitto
693 1348 797 1387 enim
827 1348 934 1394 illud,
959 1349 1163 1386 consulem
1191 1346 1345 1385 edicere
1365 1355 1406 1385 ut
1428 1355 1585 1386 senatus

252 1416 434 1453 consulto
456 1428 505 1452 ne
526 1414 830 1464 obtemperetur,
855 1426 934 1463 quo
956 1412 1110 1451 foedius
1137 1425 1210 1450 nec
1229 1412 1310 1450 fieri
1332 1426 1405 1450 nec
1426 1412 1585 1463 cogitari

252 1480 465 1530 quicquam
497 1487 651 1529 potest,
691 1480 741 1517 ad
774 1478 1080 1517 misericordiam
1111 1479 1230 1516 redeo
1257 1477 1340 1516 eius
1375 1478 1437 1516 cui
1469 1478 1583 1517 nimis

195 1556 232 1585 18
252 1545 405 1584 videtur
426 1552 584 1583 senatus
606 1544 645 1582 in
667 1545 937 1582 conservanda
958 1543 1082 1594 patria
1109 1542 1228 1581 fuisse
1254 1543 1433 1581 crudelis.
1494 1544 1584 1583 Edi-

251 1624 339 1649 cere
378 1619 435 1649 est
468 1623 586 1648 ausus
621 1624 711 1648 cum
746 1610 814 1648 illo
848 1602 920 1667 3ᾥο
952 1608 1044 1659 pari,
1083 1622 1202 1659 quem
1236 1616 1368 1647 tamen
1400 1609 1583 1662 omnibus

253 1676 352 1714 vitiis
398 1690 580 1727 superare
623 1676 817 1725 cupiebat,
867 1669 908 1713 ut
957 1682 1116 1713 senatus
1157 1682 1294 1713 contra
1334 1688 1453 1724 quam
1501 1675 1584 1726 ipse

251 1741 468 1780 censuisset
506 1743 557 1780 ad
596 1741 779 1779 vestitum
820 1741 972 1779 rediret.
1037 1740 1136 1789 Quis
1179 1741 1254 1778 hoc
1293 1741 1384 1779 fecit
1422 1742 1499 1779 ulla
1543 1741 1581 1779 in

251 1807 409 1857 Scythia
441 1815 628 1857 tyrannus
667 1814 708 1844 ut
743 1820 810 1845 eos
850 1820 948 1855 quos
983 1807 1090 1843 luctu
1125 1806 1310 1843 adficeret
1342 1807 1472 1855 lugere
1501 1820 1581 1844 non
1626 1820 1640 1850 ,-

251 1872 423 1910 sineret?
494 1873 715 1910 Maerorem
756 1871 953 1921 relinquis,
996 1870 1181 1909 maeroris
1223 1872 1350 1908 aufers
1394 1870 1582 1921 insignia,

251 1937 367 1987 eripis
405 1936 583 1975 lacrimas
622 1950 702 1975 non
741 1939 987 1976 consolando
1027 1939 1096 1977 sed
1136 1936 1336 1974 minando.
1397 1937 1518 1985 Quod
1552 1936 1583 1975 si

250 2010 399 2041 vestem
430 2015 509 2040 non
540 2002 700 2052 publico
730 2002 896 2041 consilio
928 2011 1056 2053 patres
1087 2001 1310 2051 conscripti,
1333 2002 1403 2039 sed
1433 2001 1583 2051 privato

250 2067 379 2106 officio
399 2075 466 2106 aut
487 2067 752 2106 misericordia
774 2068 1040 2116 mutavissent,
1065 2077 1196 2108 tamen
1217 2068 1257 2106 id
1279 2066 1338 2104 his
1360 2080 1440 2105 non
1467 2066 1582 2106 licere

293 2182 313 2211 3
338 2182 453 2202 manes
471 2171 578 2202 MsN:
607 2178 739 2203 mentes
756 2177 820 2204 cell.
844 2172 896 2213 (M
914 2175 997 2212 mg)¹
1139 2184 1161 2213 9
1185 2173 1361 2204 concitatis
1378 2172 1410 2202 E
1545 2181 1578 2201 11

249 2226 288 2246 ac
306 2216 409 2246 furori
427 2215 492 2245 Ee:
518 2226 583 2247 0111.
606 2221 669 2247 cctl.
781 2227 815 2255 14
841 2218 895 2255 qui
914 2217 959 2248 ed.
985 2217 1030 2249 V:
1058 2217 1109 2247 cui
1127 2217 1215 2249 codd.
1332 2218 1370 2247 16
1394 2225 1580 2247 maerorem

251 2259 299 2289 rei
317 2269 362 2298 p.,
382 2260 577 2298 amplissimi
597 2260 724 2290 ordinis
742 2260 867 2291 luctum
886 2260 1027 2300 Ailsslli'1:q
1155 2262 1192 2291 18
1217 2260 1308 2291 illum
1332 2259 1361 2289 T
1444 2264 1581 2290 senatus

250 2302 404 2332 consulto
422 2302 522 2341 Plo-s<
540 2316 545 2334 :
569 2310 706 2335 senatus
723 2309 861 2334 senatus
876 2305 1031 2334 consulto
1042 2307 1106 2335 cell.
1203 2315 1241 2343 19
1265 2304 1517 2343 obtemperetur
1530 2302 1578 2334 P:

249 2347 459 2385 obtemperet
477 2351 540 2378 mss.
668 2358 707 2385 24
735 2347 813 2378 fecit
833 2346 912 2378 Pss‘:
939 2348 1016 2378 facit
1034 2351 1094 2379 cell.
1226 2349 1268 2378 26
1293 2348 1455 2386 relinquis
1472 2346 1579 2387 qu:

251 2399 316 2421 non
336 2390 499 2430 relinquis
518 2394 582 2421 mill.
719 2401 760 2429 29
785 2391 837 2421 his
852 2390 930 2422 PEe
947 2402 954 2422 t
979 2391 1019 2422 iis
1035 2395 1098 2423 cett.

1612 517 1628 548 5

1611 844 1647 865 10

1609 1168 1644 1200 ¹5

1607 1493 1645 1514 20
