<?xml version="1.0" encoding="UTF-8"?>
<!DOCTYPE html PUBLIC "-//W3C//DTD XHTML 1.0 Transitional//EN"
    "http://www.w3.org/TR/xhtml1/DTD/xhtml1-transitional.dtd">
<html xmlns="http://www.w3.org/1999/xhtml" xml:lang="en" lang="en">
 <head>
  <title>
</title>
<meta http-equiv="Content-Type" content="text/html;charset=utf-8" />
  <meta name='ocr-system' content='tesseract 3.04.00' />
  <meta name='ocr-capabilities' content='ocr_page ocr_carea ocr_par ocr_line ocrx_word'/>
</head>
<body>
  <div class='ocr_page' id='page_1' title='image "./orationesrecogno04ciceuoft/orationesrecogno04ciceuoft_0203.png"; bbox 0 0 1716 2662; ppageno 0'>
   <div class='ocr_carea' id='block_1_1' title="bbox 436 388 1226 440">
    <p class='ocr_par' dir='ltr' id='par_1_1' title="bbox 436 388 1226 440">
     <span class='ocr_line' id='line_1_1' title="bbox 436 388 1226 440; baseline 0.003 -5"><span class='ocrx_word' id='word_1_1' title='bbox 436 388 505 438; x_wconf 82' lang='lat' dir='ltr'>M.</span> <span class='ocrx_word' id='word_1_2' title='bbox 557 389 770 438; x_wconf 83' lang='lat' dir='ltr'>TVLLI</span> <span class='ocrx_word' id='word_1_3' title='bbox 826 390 1226 440; x_wconf 87' lang='lat' dir='ltr'>CICERONIS</span> 
     </span>
    </p>
   </div>
   <div class='ocr_carea' id='block_1_2' title="bbox 205 515 1461 696">
    <p class='ocr_par' dir='ltr' id='par_1_2' title="bbox 205 515 1461 696">
     <span class='ocr_line' id='line_1_2' title="bbox 205 515 1461 564; baseline 0.002 -2"><span class='ocrx_word' id='word_1_4' title='bbox 205 515 343 562; x_wconf 90' lang='lat' dir='ltr'>PRO</span> <span class='ocrx_word' id='word_1_5' title='bbox 397 516 450 563; x_wconf 90' lang='lat' dir='ltr'>C.</span> <span class='ocrx_word' id='word_1_6' title='bbox 499 516 807 563; x_wconf 81' lang='lat' dir='ltr'><strong>RABIRIO</strong></span> <span class='ocrx_word' id='word_1_7' title='bbox 864 516 1461 564; x_wconf 84' lang='lat' dir='ltr'><strong>PERDVELLIONIS</strong></span> 
     </span>
     <span class='ocr_line' id='line_1_3' title="bbox 304 634 1349 696; baseline 0.002 -15"><span class='ocrx_word' id='word_1_8' title='bbox 304 634 451 682; x_wconf 87' lang='lat' dir='ltr'>REO</span> <span class='ocrx_word' id='word_1_9' title='bbox 503 634 604 682; x_wconf 84' lang='lat' dir='ltr'>AD</span> <span class='ocrx_word' id='word_1_10' title='bbox 657 634 1011 696; x_wconf 75' lang='lat' dir='ltr'><strong>QVIRITES</strong></span> <span class='ocrx_word' id='word_1_11' title='bbox 1063 636 1349 684; x_wconf 69' lang='lat' dir='ltr'><strong>ORATIO</strong></span> 
     </span>
    </p>
   </div>
   <div class='ocr_carea' id='block_1_3' title="bbox 100 753 1532 2050">
    <p class='ocr_par' dir='ltr' id='par_1_3' title="bbox 164 753 1532 1005">
     <span class='ocr_line' id='line_1_4' title="bbox 220 753 1532 808; baseline 0.004 -12"><span class='ocrx_word' id='word_1_12' title='bbox 220 761 330 806; x_wconf 62' lang='lat' dir='ltr'>Em,</span> <span class='ocrx_word' id='word_1_13' title='bbox 355 759 538 808; x_wconf 77' lang='lat' dir='ltr'>Quirites,</span> <span class='ocrx_word' id='word_1_14' title='bbox 562 773 642 797; x_wconf 90' lang='lat' dir='ltr'>non</span> <span class='ocrx_word' id='word_1_15' title='bbox 665 769 721 798; x_wconf 82' lang='lat' dir='ltr'>est</span> <span class='ocrx_word' id='word_1_16' title='bbox 743 774 853 799; x_wconf 87' lang='lat' dir='ltr'>meae</span> <span class='ocrx_word' id='word_1_17' title='bbox 883 760 1181 800; x_wconf 85' lang='lat' dir='ltr'>consuetudinis</span> <span class='ocrx_word' id='word_1_18' title='bbox 1202 761 1313 801; x_wconf 89' lang='lat' dir='ltr'>initio</span> <span class='ocrx_word' id='word_1_19' title='bbox 1337 762 1494 802; x_wconf 80' lang='lat' dir='ltr'>dicendi</span> <span class='ocrx_word' id='word_1_20' title='bbox 1516 753 1532 778; x_wconf 73' lang='lat'>1</span> 
     </span>
     <span class='ocr_line' id='line_1_5' title="bbox 166 812 1531 878; baseline 0.002 -16"><span class='ocrx_word' id='word_1_21' title='bbox 166 824 357 863; x_wconf 86' lang='lat' dir='ltr'>rationem</span> <span class='ocrx_word' id='word_1_22' title='bbox 388 826 553 864; x_wconf 80' lang='lat' dir='ltr'>reddere</span> <span class='ocrx_word' id='word_1_23' title='bbox 583 839 662 876; x_wconf 81' lang='lat' dir='ltr'>qua</span> <span class='ocrx_word' id='word_1_24' title='bbox 691 826 741 864; x_wconf 91' lang='lat' dir='ltr'>de</span> <span class='ocrx_word' id='word_1_25' title='bbox 776 839 893 864; x_wconf 86' lang='lat' dir='ltr'>causa</span> <span class='ocrx_word' id='word_1_26' title='bbox 923 839 1124 876; x_wconf 75' lang='lat' dir='ltr'>quemque</span> <span class='ocrx_word' id='word_1_27' title='bbox 1155 827 1378 874; x_wconf 80' lang='lat' dir='ltr'>defendam,</span> <span class='ocrx_word' id='word_1_28' title='bbox 1411 841 1496 878; x_wconf 78' lang='lat' dir='ltr'>pro·</span> <span class='ocrx_word' id='word_1_29' title='bbox 1520 812 1531 833; x_wconf 73' lang='lat'>¹</span> 
     </span>
     <span class='ocr_line' id='line_1_6' title="bbox 165 890 1497 942; baseline 0.002 -14"><span class='ocrx_word' id='word_1_30' title='bbox 165 898 297 939; x_wconf 79' lang='lat' dir='ltr'>pterea</span> <span class='ocrx_word' id='word_1_31' title='bbox 339 891 449 940; x_wconf 83' lang='lat' dir='ltr'>quod</span> <span class='ocrx_word' id='word_1_32' title='bbox 487 904 579 929; x_wconf 88' lang='lat' dir='ltr'>cum</span> <span class='ocrx_word' id='word_1_33' title='bbox 626 890 812 929; x_wconf 89' lang='lat' dir='ltr'>omnibus</span> <span class='ocrx_word' id='word_1_34' title='bbox 855 891 1006 930; x_wconf 80' lang='lat' dir='ltr'>civibus</span> <span class='ocrx_word' id='word_1_35' title='bbox 1054 891 1092 929; x_wconf 93' lang='lat' dir='ltr'>in</span> <span class='ocrx_word' id='word_1_36' title='bbox 1132 905 1267 930; x_wconf 88' lang='lat' dir='ltr'>eorum</span> <span class='ocrx_word' id='word_1_37' title='bbox 1317 891 1497 942; x_wconf 79' lang='lat' dir='ltr'>periculis</span> 
     </span>
     <span class='ocr_line' id='line_1_7' title="bbox 164 954 1493 1005; baseline 0.002 -13"><span class='ocrx_word' id='word_1_38' title='bbox 164 968 318 1005; x_wconf 82' lang='lat' dir='ltr'>semper</span> <span class='ocrx_word' id='word_1_39' title='bbox 344 955 435 994; x_wconf 85' lang='lat' dir='ltr'>satis</span> <span class='ocrx_word' id='word_1_40' title='bbox 460 954 602 994; x_wconf 86' lang='lat' dir='ltr'>iustam</span> <span class='ocrx_word' id='word_1_41' title='bbox 633 956 729 994; x_wconf 89' lang='lat' dir='ltr'>mihi</span> <span class='ocrx_word' id='word_1_42' title='bbox 758 970 917 995; x_wconf 84' lang='lat' dir='ltr'>causam</span> <span class='ocrx_word' id='word_1_43' title='bbox 946 955 1247 994; x_wconf 80' lang='lat' dir='ltr'>necessitudinis</span> <span class='ocrx_word' id='word_1_44' title='bbox 1277 970 1361 995; x_wconf 86' lang='lat' dir='ltr'>esse</span> <span class='ocrx_word' id='word_1_45' title='bbox 1391 956 1493 1003; x_wconf 81' lang='lat' dir='ltr'>duxi,</span> 
     </span>
    </p>

    <p class='ocr_par' dir='ltr' id='par_1_4' title="bbox 100 1020 1530 2050">
     <span class='ocr_line' id='line_1_8' title="bbox 125 1020 1494 1072; baseline 0.002 -15"><span class='ocrx_word' id='word_1_46' title='bbox 125 1027 296 1069; x_wconf 85' lang='lat' dir='ltr'>5tamen</span> <span class='ocrx_word' id='word_1_47' title='bbox 339 1020 379 1058; x_wconf 88' lang='lat' dir='ltr'>in</span> <span class='ocrx_word' id='word_1_48' title='bbox 419 1021 493 1059; x_wconf 86' lang='lat' dir='ltr'>hac</span> <span class='ocrx_word' id='word_1_49' title='bbox 532 1020 764 1059; x_wconf 85' lang='lat' dir='ltr'>defensione</span> <span class='ocrx_word' id='word_1_50' title='bbox 807 1020 955 1071; x_wconf 84' lang='lat' dir='ltr'>capitis,</span> <span class='ocrx_word' id='word_1_51' title='bbox 1002 1022 1128 1059; x_wconf 81' lang='lat' dir='ltr'>famae</span> <span class='ocrx_word' id='word_1_52' title='bbox 1172 1021 1494 1072; x_wconf 85' lang='lat' dir='ltr'>fortunarumque</span> 
     </span>
     <span class='ocr_line' id='line_1_9' title="bbox 163 1084 1493 1136; baseline 0.001 -14"><span class='ocrx_word' id='word_1_53' title='bbox 163 1085 341 1123; x_wconf 90' lang='lat' dir='ltr'>omnium</span> <span class='ocrx_word' id='word_1_54' title='bbox 382 1087 425 1125; x_wconf 91' lang='lat' dir='ltr'>C.</span> <span class='ocrx_word' id='word_1_55' title='bbox 470 1085 605 1123; x_wconf 79' lang='lat' dir='ltr'>Rabiri</span> <span class='ocrx_word' id='word_1_56' title='bbox 643 1087 904 1136; x_wconf 86' lang='lat' dir='ltr'>proponenda</span> <span class='ocrx_word' id='word_1_57' title='bbox 941 1084 1039 1123; x_wconf 87' lang='lat' dir='ltr'>ratio</span> <span class='ocrx_word' id='word_1_58' title='bbox 1077 1084 1230 1123; x_wconf 79' lang='lat' dir='ltr'>videtur</span> <span class='ocrx_word' id='word_1_59' title='bbox 1268 1099 1352 1124; x_wconf 81' lang='lat' dir='ltr'>esse</span> <span class='ocrx_word' id='word_1_60' title='bbox 1391 1085 1493 1124; x_wconf 85' lang='lat' dir='ltr'>offici</span> 
     </span>
     <span class='ocr_line' id='line_1_10' title="bbox 164 1149 1494 1201; baseline 0.002 -14"><span class='ocrx_word' id='word_1_61' title='bbox 164 1150 251 1198; x_wconf 89' lang='lat' dir='ltr'>mei,</span> <span class='ocrx_word' id='word_1_62' title='bbox 283 1159 489 1201; x_wconf 85' lang='lat' dir='ltr'>propterea</span> <span class='ocrx_word' id='word_1_63' title='bbox 517 1152 638 1201; x_wconf 86' lang='lat' dir='ltr'>quod,</span> <span class='ocrx_word' id='word_1_64' title='bbox 667 1165 769 1201; x_wconf 83' lang='lat' dir='ltr'>quae</span> <span class='ocrx_word' id='word_1_65' title='bbox 798 1150 1009 1189; x_wconf 86' lang='lat' dir='ltr'>iustissima</span> <span class='ocrx_word' id='word_1_66' title='bbox 1038 1149 1133 1188; x_wconf 81' lang='lat' dir='ltr'>mihi</span> <span class='ocrx_word' id='word_1_67' title='bbox 1163 1163 1280 1188; x_wconf 87' lang='lat' dir='ltr'>causa</span> <span class='ocrx_word' id='word_1_68' title='bbox 1308 1151 1358 1189; x_wconf 87' lang='lat' dir='ltr'>ad</span> <span class='ocrx_word' id='word_1_69' title='bbox 1388 1151 1494 1189; x_wconf 89' lang='lat' dir='ltr'>hunc</span> 
     </span>
     <span class='ocr_line' id='line_1_11' title="bbox 163 1214 1491 1263; baseline 0 -9"><span class='ocrx_word' id='word_1_70' title='bbox 163 1216 460 1254; x_wconf 87' lang='lat' dir='ltr'>defendendum</span> <span class='ocrx_word' id='word_1_71' title='bbox 487 1230 572 1255; x_wconf 82' lang='lat' dir='ltr'>esse</span> <span class='ocrx_word' id='word_1_72' title='bbox 599 1216 680 1255; x_wconf 82' lang='lat' dir='ltr'>visa</span> <span class='ocrx_word' id='word_1_73' title='bbox 710 1223 779 1263; x_wconf 90' lang='lat' dir='ltr'>est,</span> <span class='ocrx_word' id='word_1_74' title='bbox 811 1216 952 1254; x_wconf 82' lang='lat' dir='ltr'>eadem</span> <span class='ocrx_word' id='word_1_75' title='bbox 983 1214 1094 1253; x_wconf 86' lang='lat' dir='ltr'>vobis</span> <span class='ocrx_word' id='word_1_76' title='bbox 1125 1215 1174 1253; x_wconf 86' lang='lat' dir='ltr'>ad</span> <span class='ocrx_word' id='word_1_77' title='bbox 1205 1215 1491 1254; x_wconf 80' lang='lat' dir='ltr'>absolvendum</span> 
     </span>
     <span class='ocr_line' id='line_1_12' title="bbox 163 1280 1530 1331; baseline 0.001 -13"><span class='ocrx_word' id='word_1_78' title='bbox 163 1281 282 1319; x_wconf 85' lang='lat' dir='ltr'>debet</span> <span class='ocrx_word' id='word_1_79' title='bbox 298 1281 433 1320; x_wconf 77' lang='lat' dir='ltr'>videri.</span> <span class='ocrx_word' id='word_1_80' title='bbox 477 1282 580 1319; x_wconf 87' lang='lat' dir='ltr'>Nam</span> <span class='ocrx_word' id='word_1_81' title='bbox 604 1296 666 1320; x_wconf 91' lang='lat' dir='ltr'>me</span> <span class='ocrx_word' id='word_1_82' title='bbox 687 1295 776 1320; x_wconf 88' lang='lat' dir='ltr'>cum</span> <span class='ocrx_word' id='word_1_83' title='bbox 798 1280 993 1320; x_wconf 75' lang='lat' dir='ltr'>amicitiae</span> <span class='ocrx_word' id='word_1_84' title='bbox 1013 1288 1194 1326; x_wconf 85' lang='lat' dir='ltr'>vetustas,</span> <span class='ocrx_word' id='word_1_85' title='bbox 1214 1294 1304 1318; x_wconf 85' lang='lat' dir='ltr'>cum</span> <span class='ocrx_word' id='word_1_86' title='bbox 1325 1280 1492 1331; x_wconf 79' lang='lat' dir='ltr'>dignitas</span> <span class='ocrx_word' id='word_1_87' title='bbox 1516 1297 1530 1318; x_wconf 92' lang='lat'>2</span> 
     </span>
     <span class='ocr_line' id='line_1_13' title="bbox 106 1345 1493 1396; baseline -0.001 -11"><span class='ocrx_word' id='word_1_88' title='bbox 106 1363 144 1385; x_wconf 93' lang='lat'>10</span> <span class='ocrx_word' id='word_1_89' title='bbox 164 1346 345 1394; x_wconf 86' lang='lat' dir='ltr'>hominis,</span> <span class='ocrx_word' id='word_1_90' title='bbox 372 1360 462 1385; x_wconf 89' lang='lat' dir='ltr'>cum</span> <span class='ocrx_word' id='word_1_91' title='bbox 492 1347 590 1386; x_wconf 89' lang='lat' dir='ltr'>ratio</span> <span class='ocrx_word' id='word_1_92' title='bbox 617 1346 881 1394; x_wconf 85' lang='lat' dir='ltr'>humanitatis,</span> <span class='ocrx_word' id='word_1_93' title='bbox 914 1359 1004 1384; x_wconf 90' lang='lat' dir='ltr'>cum</span> <span class='ocrx_word' id='word_1_94' title='bbox 1035 1359 1146 1384; x_wconf 88' lang='lat' dir='ltr'>meae</span> <span class='ocrx_word' id='word_1_95' title='bbox 1175 1345 1276 1384; x_wconf 85' lang='lat' dir='ltr'>vitae</span> <span class='ocrx_word' id='word_1_96' title='bbox 1305 1353 1493 1396; x_wconf 83' lang='lat' dir='ltr'>perpetua</span> 
     </span>
     <span class='ocr_line' id='line_1_14' title="bbox 162 1412 1489 1459; baseline -0.001 -9"><span class='ocrx_word' id='word_1_97' title='bbox 162 1414 410 1452; x_wconf 85' lang='lat' dir='ltr'>consuetudo</span> <span class='ocrx_word' id='word_1_98' title='bbox 444 1414 495 1451; x_wconf 90' lang='lat' dir='ltr'>ad</span> <span class='ocrx_word' id='word_1_99' title='bbox 531 1414 574 1452; x_wconf 90' lang='lat' dir='ltr'>C.</span> <span class='ocrx_word' id='word_1_100' title='bbox 611 1412 817 1451; x_wconf 84' lang='lat' dir='ltr'>Rabirium</span> <span class='ocrx_word' id='word_1_101' title='bbox 852 1412 1149 1452; x_wconf 89' lang='lat' dir='ltr'>defendendum</span> <span class='ocrx_word' id='word_1_102' title='bbox 1184 1418 1242 1449; x_wconf 85' lang='lat' dir='ltr'>est</span> <span class='ocrx_word' id='word_1_103' title='bbox 1272 1412 1489 1459; x_wconf 83' lang='lat' dir='ltr'>adhortata,</span> 
     </span>
     <span class='ocr_line' id='line_1_15' title="bbox 162 1475 1490 1526; baseline 0 -11"><span class='ocrx_word' id='word_1_104' title='bbox 162 1485 243 1515; x_wconf 89' lang='lat' dir='ltr'>tum</span> <span class='ocrx_word' id='word_1_105' title='bbox 275 1492 377 1526; x_wconf 72' lang='lat' dir='ltr'>veru,</span> <span class='ocrx_word' id='word_1_106' title='bbox 411 1486 453 1516; x_wconf 91' lang='lat' dir='ltr'>ut</span> <span class='ocrx_word' id='word_1_107' title='bbox 480 1478 521 1516; x_wconf 93' lang='lat' dir='ltr'>id</span> <span class='ocrx_word' id='word_1_108' title='bbox 551 1477 838 1516; x_wconf 81' lang='lat' dir='ltr'>studiosissime</span> <span class='ocrx_word' id='word_1_109' title='bbox 868 1479 1048 1524; x_wconf 86' lang='lat' dir='ltr'>facerem,</span> <span class='ocrx_word' id='word_1_110' title='bbox 1080 1477 1182 1514; x_wconf 87' lang='lat' dir='ltr'>salus</span> <span class='ocrx_word' id='word_1_111' title='bbox 1213 1475 1266 1514; x_wconf 86' lang='lat' dir='ltr'>rei</span> <span class='ocrx_word' id='word_1_112' title='bbox 1296 1476 1490 1526; x_wconf 80' lang='lat' dir='ltr'>publicae,</span> 
     </span>
     <span class='ocr_line' id='line_1_16' title="bbox 160 1541 1491 1593; baseline -0.002 -12"><span class='ocrx_word' id='word_1_113' title='bbox 160 1546 365 1583; x_wconf 83' lang='lat' dir='ltr'>consulare</span> <span class='ocrx_word' id='word_1_114' title='bbox 403 1544 587 1591; x_wconf 80' lang='lat' dir='ltr'>officium,</span> <span class='ocrx_word' id='word_1_115' title='bbox 625 1545 851 1582; x_wconf 80' lang='lat' dir='ltr'>consulatus</span> <span class='ocrx_word' id='word_1_116' title='bbox 891 1542 1063 1593; x_wconf 84' lang='lat' dir='ltr'>denique</span> <span class='ocrx_word' id='word_1_117' title='bbox 1098 1542 1180 1592; x_wconf 85' lang='lat' dir='ltr'>ipse</span> <span class='ocrx_word' id='word_1_118' title='bbox 1222 1541 1315 1580; x_wconf 84' lang='lat' dir='ltr'>mihi</span> <span class='ocrx_word' id='word_1_119' title='bbox 1356 1555 1433 1579; x_wconf 85' lang='lat' dir='ltr'>una</span> <span class='ocrx_word' id='word_1_120' title='bbox 1466 1556 1491 1579; x_wconf 77' lang='grc' dir='ltr'><em>α</em></span> 
     </span>
     <span class='ocr_line' id='line_1_17' title="bbox 160 1607 1490 1660; baseline -0.002 -13"><span class='ocrx_word' id='word_1_121' title='bbox 160 1609 271 1648; x_wconf 77' lang='lat' dir='ltr'>vobis</span> <span class='ocrx_word' id='word_1_122' title='bbox 301 1623 392 1649; x_wconf 88' lang='lat' dir='ltr'>cum</span> <span class='ocrx_word' id='word_1_123' title='bbox 423 1610 546 1648; x_wconf 84' lang='lat' dir='ltr'>salute</span> <span class='ocrx_word' id='word_1_124' title='bbox 573 1609 626 1648; x_wconf 88' lang='lat' dir='ltr'>rei</span> <span class='ocrx_word' id='word_1_125' title='bbox 656 1609 838 1660; x_wconf 88' lang='lat' dir='ltr'>publicae</span> <span class='ocrx_word' id='word_1_126' title='bbox 866 1609 1169 1647; x_wconf 86' lang='lat' dir='ltr'>commendatus</span> <span class='ocrx_word' id='word_1_127' title='bbox 1199 1607 1336 1657; x_wconf 80' lang='lat' dir='ltr'>coegit.</span> <span class='ocrx_word' id='word_1_128' title='bbox 1397 1609 1490 1647; x_wconf 87' lang='lat' dir='ltr'>Non</span> 
     </span>
     <span class='ocr_line' id='line_1_18' title="bbox 104 1672 1487 1725; baseline -0.002 -11"><span class='ocrx_word' id='word_1_129' title='bbox 104 1690 139 1723; x_wconf 84' lang='lat'>¹5</span> <span class='ocrx_word' id='word_1_130' title='bbox 159 1674 263 1712; x_wconf 85' lang='lat' dir='ltr'>enim</span> <span class='ocrx_word' id='word_1_131' title='bbox 286 1677 330 1714; x_wconf 85' lang='lat' dir='ltr'>C.</span> <span class='ocrx_word' id='word_1_132' title='bbox 359 1674 565 1713; x_wconf 84' lang='lat' dir='ltr'>Rabirium</span> <span class='ocrx_word' id='word_1_133' title='bbox 586 1676 702 1725; x_wconf 87' lang='lat' dir='ltr'>culpa</span> <span class='ocrx_word' id='word_1_134' title='bbox 726 1673 870 1721; x_wconf 82' lang='lat' dir='ltr'>delicti,</span> <span class='ocrx_word' id='word_1_135' title='bbox 893 1688 973 1712; x_wconf 90' lang='lat' dir='ltr'>non</span> <span class='ocrx_word' id='word_1_136' title='bbox 1002 1672 1148 1711; x_wconf 77' lang='lat' dir='ltr'>invidia</span> <span class='ocrx_word' id='word_1_137' title='bbox 1168 1673 1280 1720; x_wconf 80' lang='lat' dir='ltr'>vitae,</span> <span class='ocrx_word' id='word_1_138' title='bbox 1303 1672 1487 1721; x_wconf 78' lang='lat' dir='ltr'>Quirites,</span> 
     </span>
     <span class='ocr_line' id='line_1_19' title="bbox 159 1737 1488 1790; baseline -0.002 -13"><span class='ocrx_word' id='word_1_139' title='bbox 159 1753 238 1778; x_wconf 89' lang='lat' dir='ltr'>non</span> <span class='ocrx_word' id='word_1_140' title='bbox 266 1739 438 1790; x_wconf 78' lang='lat' dir='ltr'>denique</span> <span class='ocrx_word' id='word_1_141' title='bbox 460 1748 608 1778; x_wconf 75' lang='lat' dir='ltr'>veteres</span> <span class='ocrx_word' id='word_1_142' title='bbox 638 1739 762 1778; x_wconf 81' lang='lat' dir='ltr'>iustae</span> <span class='ocrx_word' id='word_1_143' title='bbox 789 1753 1003 1789; x_wconf 78' lang='lat' dir='ltr'>gravesque</span> <span class='ocrx_word' id='word_1_144' title='bbox 1030 1737 1257 1776; x_wconf 84' lang='lat' dir='ltr'>inimicitiae</span> <span class='ocrx_word' id='word_1_145' title='bbox 1284 1737 1427 1776; x_wconf 84' lang='lat' dir='ltr'>civium</span> <span class='ocrx_word' id='word_1_146' title='bbox 1449 1737 1488 1776; x_wconf 87' lang='lat' dir='ltr'>in</span> 
     </span>
     <span class='ocr_line' id='line_1_20' title="bbox 158 1803 1487 1855; baseline -0.002 -12"><span class='ocrx_word' id='word_1_147' title='bbox 158 1804 369 1844; x_wconf 83' lang='lat' dir='ltr'>discrimen</span> <span class='ocrx_word' id='word_1_148' title='bbox 401 1805 537 1855; x_wconf 79' lang='lat' dir='ltr'>capitis</span> <span class='ocrx_word' id='word_1_149' title='bbox 570 1813 818 1852; x_wconf 78' lang='lat' dir='ltr'>vocaverunt,</span> <span class='ocrx_word' id='word_1_150' title='bbox 851 1806 919 1842; x_wconf 87' lang='lat' dir='ltr'>sed</span> <span class='ocrx_word' id='word_1_151' title='bbox 955 1811 996 1842; x_wconf 89' lang='lat' dir='ltr'>ut</span> <span class='ocrx_word' id='word_1_152' title='bbox 1027 1803 1122 1842; x_wconf 88' lang='lat' dir='ltr'>illud</span> <span class='ocrx_word' id='word_1_153' title='bbox 1153 1817 1352 1841; x_wconf 78' lang='lat' dir='ltr'>summum</span> <span class='ocrx_word' id='word_1_154' title='bbox 1385 1803 1487 1841; x_wconf 79' lang='lat' dir='ltr'>auxi-</span> 
     </span>
     <span class='ocr_line' id='line_1_21' title="bbox 157 1868 1488 1920; baseline 0 -13"><span class='ocrx_word' id='word_1_155' title='bbox 157 1869 253 1908; x_wconf 86' lang='lat' dir='ltr'>lium</span> <span class='ocrx_word' id='word_1_156' title='bbox 286 1870 498 1910; x_wconf 82' lang='lat' dir='ltr'>maiestatis</span> <span class='ocrx_word' id='word_1_157' title='bbox 529 1878 648 1920; x_wconf 81' lang='lat' dir='ltr'>atque</span> <span class='ocrx_word' id='word_1_158' title='bbox 680 1869 818 1920; x_wconf 83' lang='lat' dir='ltr'>imperi</span> <span class='ocrx_word' id='word_1_159' title='bbox 849 1870 957 1919; x_wconf 78' lang='lat' dir='ltr'>quod</span> <span class='ocrx_word' id='word_1_160' title='bbox 988 1868 1102 1907; x_wconf 70' lang='lat' dir='ltr'>nobis</span> <span class='ocrx_word' id='word_1_161' title='bbox 1131 1882 1155 1906; x_wconf 87' lang='lat' dir='ltr'>a</span> <span class='ocrx_word' id='word_1_162' title='bbox 1185 1868 1398 1906; x_wconf 84' lang='lat' dir='ltr'>maioribus</span> <span class='ocrx_word' id='word_1_163' title='bbox 1429 1876 1488 1907; x_wconf 86' lang='lat' dir='ltr'>est</span> 
     </span>
     <span class='ocr_line' id='line_1_22' title="bbox 158 1933 1488 1985; baseline 0 -13"><span class='ocrx_word' id='word_1_164' title='bbox 158 1935 342 1974; x_wconf 84' lang='lat' dir='ltr'>traditum</span> <span class='ocrx_word' id='word_1_165' title='bbox 363 1937 414 1974; x_wconf 90' lang='lat' dir='ltr'>de</span> <span class='ocrx_word' id='word_1_166' title='bbox 435 1949 474 1973; x_wconf 89' lang='lat' dir='ltr'>re</span> <span class='ocrx_word' id='word_1_167' title='bbox 495 1935 653 1985; x_wconf 83' lang='lat' dir='ltr'>publica</span> <span class='ocrx_word' id='word_1_168' title='bbox 681 1935 889 1981; x_wconf 83' lang='lat' dir='ltr'>tolleretur,</span> <span class='ocrx_word' id='word_1_169' title='bbox 912 1942 954 1972; x_wconf 91' lang='lat' dir='ltr'>ut</span> <span class='ocrx_word' id='word_1_170' title='bbox 976 1934 1071 1971; x_wconf 84' lang='lat' dir='ltr'>nihil</span> <span class='ocrx_word' id='word_1_171' title='bbox 1092 1935 1257 1984; x_wconf 87' lang='lat' dir='ltr'>posthac</span> <span class='ocrx_word' id='word_1_172' title='bbox 1277 1933 1488 1972; x_wconf 78' lang='lat' dir='ltr'>auctoritas</span> 
     </span>
     <span class='ocr_line' id='line_1_23' title="bbox 100 1998 1486 2050; baseline -0.001 -11"><span class='ocrx_word' id='word_1_173' title='bbox 100 2017 138 2039; x_wconf 89' lang='lat'>20</span> <span class='ocrx_word' id='word_1_174' title='bbox 157 2008 326 2048; x_wconf 86' lang='lat' dir='ltr'>senatus,</span> <span class='ocrx_word' id='word_1_175' title='bbox 349 2000 446 2038; x_wconf 89' lang='lat' dir='ltr'>nihil</span> <span class='ocrx_word' id='word_1_176' title='bbox 467 2001 670 2039; x_wconf 81' lang='lat' dir='ltr'>consulare</span> <span class='ocrx_word' id='word_1_177' title='bbox 697 1999 919 2050; x_wconf 78' lang='lat' dir='ltr'>imperium,</span> <span class='ocrx_word' id='word_1_178' title='bbox 940 1999 1036 2037; x_wconf 87' lang='lat' dir='ltr'>nihil</span> <span class='ocrx_word' id='word_1_179' title='bbox 1061 1998 1270 2038; x_wconf 76' lang='lat' dir='ltr'>consensio</span> <span class='ocrx_word' id='word_1_180' title='bbox 1291 1998 1486 2038; x_wconf 87' lang='lat' dir='ltr'>bonorum</span> 
     </span>
    </p>
   </div>
   <div class='ocr_carea' id='block_1_4' title="bbox 155 2103 1486 2355">
    <p class='ocr_par' dir='ltr' id='par_1_5' title="bbox 155 2103 1486 2355">
     <span class='ocr_line' id='line_1_24' title="bbox 202 2103 1486 2145; baseline 0.001 -11"><span class='ocrx_word' id='word_1_181' title='bbox 202 2116 219 2142; x_wconf 84' lang='lat'>4</span> <span class='ocrx_word' id='word_1_182' title='bbox 247 2104 366 2134; x_wconf 84' lang='lat' dir='ltr'>iustam</span> <span class='ocrx_word' id='word_1_183' title='bbox 385 2104 482 2145; x_wconf 77' lang='lat' dir='ltr'>mihi]</span> <span class='ocrx_word' id='word_1_184' title='bbox 503 2103 659 2144; x_wconf 75' lang='lat' dir='ltr'>iustamp</span> <span class='ocrx_word' id='word_1_185' title='bbox 680 2115 686 2134; x_wconf 87' lang='lat'>:</span> <span class='ocrx_word' id='word_1_186' title='bbox 711 2104 789 2135; x_wconf 82' lang='lat' dir='ltr'>mihi</span> <span class='ocrx_word' id='word_1_187' title='bbox 811 2103 929 2135; x_wconf 84' lang='lat' dir='ltr'>iustam</span> <span class='ocrx_word' id='word_1_188' title='bbox 947 2104 999 2141; x_wconf 60' lang='grc' dir='ltr'>μς</span> <span class='ocrx_word' id='word_1_189' title='bbox 1158 2113 1190 2133; x_wconf 85' lang='lat'>11</span> <span class='ocrx_word' id='word_1_190' title='bbox 1220 2103 1412 2144; x_wconf 82' lang='lat' dir='ltr'>adhortata]</span> <span class='ocrx_word' id='word_1_191' title='bbox 1430 2104 1486 2135; x_wconf 85' lang='lat' dir='ltr'>ad-</span> 
     </span>
     <span class='ocr_line' id='line_1_25' title="bbox 159 2146 1486 2189; baseline 0.001 -11"><span class='ocrx_word' id='word_1_192' title='bbox 159 2149 323 2179; x_wconf 82' lang='lat' dir='ltr'>hortatam</span> <span class='ocrx_word' id='word_1_193' title='bbox 342 2151 368 2178; x_wconf 86' lang='grc' dir='ltr'>Ω</span> <span class='ocrx_word' id='word_1_194' title='bbox 384 2159 391 2178; x_wconf 74' lang='lat' dir='ltr'><em>z</em></span> <span class='ocrx_word' id='word_1_195' title='bbox 422 2148 634 2179; x_wconf 85' lang='lat' dir='ltr'>adhortatum</span> <span class='ocrx_word' id='word_1_196' title='bbox 651 2151 734 2189; x_wconf 77' lang='grc' dir='ltr'><em>μιιιψ</em></span> <span class='ocrx_word' id='word_1_197' title='bbox 884 2158 920 2177; x_wconf 83' lang='lat'>12</span> <span class='ocrx_word' id='word_1_198' title='bbox 946 2147 1030 2187; x_wconf 74' lang='lat' dir='ltr'>tum]</span> <span class='ocrx_word' id='word_1_199' title='bbox 1049 2152 1082 2178; x_wconf 83' lang='lat' dir='ltr'>at</span> <span class='ocrx_word' id='word_1_200' title='bbox 1100 2146 1261 2187; x_wconf 65' lang='lat' dir='ltr'>ss²um²p²p</span> <span class='ocrx_word' id='word_1_201' title='bbox 1407 2157 1442 2186; x_wconf 87' lang='lat'>13</span> <span class='ocrx_word' id='word_1_202' title='bbox 1467 2159 1486 2179; x_wconf 84' lang='lat' dir='ltr'>a</span> 
     </span>
     <span class='ocr_line' id='line_1_26' title="bbox 159 2190 1484 2233; baseline 0 -12"><span class='ocrx_word' id='word_1_203' title='bbox 159 2192 250 2222; x_wconf 81' lang='lat' dir='ltr'>vobis</span> <span class='ocrx_word' id='word_1_204' title='bbox 269 2202 343 2222; x_wconf 87' lang='lat' dir='ltr'>cum</span> <span class='ocrx_word' id='word_1_205' title='bbox 363 2192 485 2223; x_wconf 71' lang='lat' dir='ltr'>Orelli:</span> <span class='ocrx_word' id='word_1_206' title='bbox 509 2192 676 2223; x_wconf 78' lang='lat' dir='ltr'>vobiscum</span> <span class='ocrx_word' id='word_1_207' title='bbox 689 2197 714 2233; x_wconf 80' lang='lat' dir='ltr'><em>p</em></span> <span class='ocrx_word' id='word_1_208' title='bbox 731 2203 737 2221; x_wconf 74' lang='grc' dir='ltr'><em>ι</em></span> <span class='ocrx_word' id='word_1_209' title='bbox 766 2190 938 2222; x_wconf 81' lang='lat' dir='ltr'>vobiscum</span> <span class='ocrx_word' id='word_1_210' title='bbox 956 2201 1029 2222; x_wconf 89' lang='lat' dir='ltr'>cum</span> <span class='ocrx_word' id='word_1_211' title='bbox 1046 2195 1111 2222; x_wconf 74' lang='lat' dir='ltr'>cell.</span> <span class='ocrx_word' id='word_1_212' title='bbox 1252 2200 1288 2229; x_wconf 78' lang='lat'>14</span> <span class='ocrx_word' id='word_1_213' title='bbox 1315 2201 1484 2222; x_wconf 83' lang='lat' dir='ltr'>commcn-</span> 
     </span>
     <span class='ocr_line' id='line_1_27' title="bbox 158 2234 1482 2276; baseline 0.001 -11"><span class='ocrx_word' id='word_1_214' title='bbox 158 2236 286 2266; x_wconf 71' lang='lat' dir='ltr'>dandus·</span> <span class='ocrx_word' id='word_1_215' title='bbox 304 2235 331 2266; x_wconf 85' lang='lat' dir='ltr'>c²</span> <span class='ocrx_word' id='word_1_216' title='bbox 522 2245 559 2275; x_wconf 87' lang='lat'>15</span> <span class='ocrx_word' id='word_1_217' title='bbox 583 2236 681 2276; x_wconf 80' lang='lat' dir='ltr'>vitae,</span> <span class='ocrx_word' id='word_1_218' title='bbox 702 2235 850 2274; x_wconf 82' lang='lat' dir='ltr'>Quirites</span> <span class='ocrx_word' id='word_1_219' title='bbox 867 2235 964 2266; x_wconf 69' lang='lat' dir='ltr'>Klotz</span> <span class='ocrx_word' id='word_1_220' title='bbox 980 2237 986 2266; x_wconf 79' lang='grc' dir='ltr'><strong>ὲ</strong></span> <span class='ocrx_word' id='word_1_221' title='bbox 1009 2235 1166 2274; x_wconf 80' lang='lat' dir='ltr'>vitaeque</span> <span class='ocrx_word' id='word_1_222' title='bbox 1185 2234 1368 2274; x_wconf 61' lang='grc' dir='ltr'>Ωμύῑιιιιιοε</span> <span class='ocrx_word' id='word_1_223' title='bbox 1394 2235 1482 2266; x_wconf 81' lang='lat' dir='ltr'>vitae</span> 
     </span>
     <span class='ocr_line' id='line_1_28' title="bbox 157 2278 1480 2320; baseline 0.002 -13"><span class='ocrx_word' id='word_1_224' title='bbox 157 2283 218 2308; x_wconf 78' lang='lat' dir='ltr'>cell.</span> <span class='ocrx_word' id='word_1_225' title='bbox 243 2291 248 2308; x_wconf 72' lang='grc' dir='ltr'><strong><em>ε</em></strong></span> <span class='ocrx_word' id='word_1_226' title='bbox 272 2279 426 2318; x_wconf 74' lang='lat' dir='ltr'>vitaeque</span> <span class='ocrx_word' id='word_1_227' title='bbox 444 2280 613 2319; x_wconf 83' lang='lat' dir='ltr'>turpitudo</span> <span class='ocrx_word' id='word_1_228' title='bbox 631 2279 820 2320; x_wconf 73' lang='lat' dir='ltr'>Naugerius</span> <span class='ocrx_word' id='word_1_229' title='bbox 840 2280 868 2309; x_wconf 54' lang='grc' dir='ltr'>(ι</span> <span class='ocrx_word' id='word_1_230' title='bbox 886 2289 888 2293; x_wconf 85' lang='grc'><strong><em>·</em></strong></span> <span class='ocrx_word' id='word_1_231' title='bbox 1045 2281 1080 2309; x_wconf 82' lang='lat'>16</span> <span class='ocrx_word' id='word_1_232' title='bbox 1104 2278 1223 2309; x_wconf 82' lang='lat' dir='ltr'>civium</span> <span class='ocrx_word' id='word_1_233' title='bbox 1241 2278 1305 2308; x_wconf 63' lang='grc' dir='ltr'>ὸἿεΙ</span> <span class='ocrx_word' id='word_1_234' title='bbox 1321 2289 1326 2308; x_wconf 86' lang='grc'>;</span> <span class='ocrx_word' id='word_1_235' title='bbox 1356 2282 1480 2310; x_wconf 79' lang='lat' dir='ltr'>tantum</span> 
     </span>
     <span class='ocr_line' id='line_1_29' title="bbox 155 2323 851 2355; baseline 0.003 -3"><span class='ocrx_word' id='word_1_236' title='bbox 155 2326 219 2353; x_wconf 68' lang='lat' dir='ltr'>cell.</span> <span class='ocrx_word' id='word_1_237' title='bbox 359 2325 396 2354; x_wconf 87' lang='lat'>18</span> <span class='ocrx_word' id='word_1_238' title='bbox 420 2324 516 2355; x_wconf 79' lang='lat' dir='ltr'>nobis</span> <span class='ocrx_word' id='word_1_239' title='bbox 530 2323 630 2355; x_wconf 73' lang='lat' dir='ltr'>ssbms</span> <span class='ocrx_word' id='word_1_240' title='bbox 646 2335 652 2354; x_wconf 90' lang='lat'>:</span> <span class='ocrx_word' id='word_1_241' title='bbox 677 2324 771 2354; x_wconf 77' lang='lat' dir='ltr'>vobis</span> <span class='ocrx_word' id='word_1_242' title='bbox 787 2327 851 2354; x_wconf 79' lang='lat' dir='ltr'>cell.</span> 
     </span>
    </p>
   </div>
  </div>
 </body>
</html>
