1747 2620
190 86 215 124 8
240 100 280 131 23
607 86 664 124 M.
695 85 864 123 TVLLI
897 86 1203 124 CICERONIS

240 196 453 238 tradidistis
472 212 482 245 3
512 211 622 248 spem
653 196 843 248 improbis
870 196 1107 244 ostendistis,
1131 196 1313 236 timorem
1340 196 1454 236 bonis
1481 196 1573 236 inie-

240 262 358 311 cistis,
393 264 511 302 fidem
542 264 592 302 de
622 264 717 310 foro,
749 261 981 312 dignitatem
1010 262 1061 301 de
1092 275 1132 300 re
1163 261 1322 312 publica
1351 261 1571 301 sustulistis.

182 339 223 372 24
245 330 337 367 Hoc
360 336 469 367 motu
490 336 608 378 atque
635 328 709 365 hac
736 326 1030 378 perturbatione
1058 325 1280 365 animorum
1307 334 1426 377 atque
1446 340 1573 365 rerum

241 407 333 432 cum
358 395 507 444 populo
530 394 716 431 Romano
737 407 811 431 vox
840 399 879 431 et
907 391 1118 430 auctoritas
1148 391 1321 430 consulis
1347 400 1507 442 repente
1535 391 1573 430 in

243 458 360 497 tantis
384 457 555 497 tenebris
585 456 775 504 inluxerit,
799 471 889 495 cum
915 456 1131 498 ostenderit
1160 457 1257 495 nihil
1287 472 1372 496 esse
1402 465 1576 496 metuen-
1597 476 1612 507 5

243 525 350 570 dum,
389 524 541 561 nullum
578 521 802 569 exercitum,
836 523 985 561 nullam
1025 536 1198 570 manum,
1231 524 1357 560 nullas
1387 522 1574 570 colonias,

243 590 392 627 nullam
414 587 684 627 venditionem
713 587 972 638 vectigalium,
996 589 1148 626 nullum
1178 587 1386 638 imperium
1416 602 1574 635 novum,

244 656 396 693 nullum
414 668 577 705 regnum
601 653 758 700 xvirale‚
777 654 923 691 nullam
940 654 1101 691 alteram
1119 655 1291 692 Romam
1312 668 1442 705 neque
1461 654 1577 693 aliam

244 721 380 759 sedem
410 719 547 771 imperi
578 719 694 758 nobis
722 718 952 757 consulibus
979 720 1148 757 futuram
1178 733 1454 771 summamque
1480 727 1579 758 tran-

245 785 478 836 quillitatem
509 785 616 835 pacis
646 792 766 834 atque
794 784 860 832 oti,
883 786 1114 833 verendum,
1134 786 1263 832 credo,
1288 783 1402 824 nobis
1432 786 1502 824 erit
1529 799 1578 824 ne
1602 802 1640 823 10

246 858 372 889 vestra
392 850 465 889 ista
481 852 676 900 praeclara
693 852 753 889 lex
769 850 916 900 agraria
932 852 1054 901 magis
1070 850 1269 901 popularis
1291 865 1375 890 esse
1391 850 1577 890 videatur.

187 931 202 953 2
210 931 227 963 5
249 917 352 956 Cum
373 929 465 954 vero
487 917 633 953 scelera
650 915 903 954 consiliorum
921 923 1137 954 vestrorum
1155 917 1412 967 fraudemque
1428 916 1522 967 legis
1544 924 1581 955 et

248 980 409 1020 insidias
441 994 543 1031 quae
576 979 649 1030 ipsi
680 981 829 1030 populo
860 982 1046 1019 Romano
1079 994 1102 1019 a
1131 980 1386 1031 popularibus
1417 981 1581 1020 tribunis

248 1045 374 1097 plebis
406 1046 500 1083 fiant
533 1046 756 1092 ostendero,
794 1044 1081 1095 pertimescam,
1115 1047 1245 1092 credo,
1283 1060 1333 1084 ne
1372 1045 1468 1084 mihi
1501 1060 1581 1085 non

248 1112 364 1151 liceat
397 1119 533 1150 contra
566 1124 634 1149 vos
674 1109 712 1148 in
747 1110 935 1149 contione
968 1111 1193 1159 consistere,
1226 1111 1451 1163 praesertim
1491 1126 1579 1151 cuni

251 1177 346 1216 mihi
377 1176 636 1216 deliberatum
667 1184 705 1214 et
736 1176 994 1215 constitutum
1022 1176 1071 1215 sit
1097 1176 1150 1215 ita
1175 1191 1307 1228 gerere
1333 1179 1581 1216 consulatum

251 1255 332 1292 quo
352 1255 432 1280 uno
454 1243 575 1281 modo
596 1242 675 1292 geri
702 1241 867 1292 graviter
893 1250 932 1281 et
959 1242 1080 1281 libere
1107 1250 1247 1293 potest,
1271 1250 1313 1281 ut
1340 1256 1470 1294 neque
1500 1257 1584 1293 pro-

251 1307 418 1346 vinciam
454 1321 583 1358 neque
619 1309 809 1347 honorem
846 1322 975 1358 neque
1007 1316 1283 1347 ornamentum
1317 1308 1480 1359 aliquod
1518 1316 1585 1346 aut

251 1375 509 1413 commodum
532 1387 661 1424 neque
684 1387 765 1412 rem
786 1375 905 1412 ullam
928 1368 1028 1424 quae
1044 1388 1067 1412 a
1083 1374 1241 1413 tribuno
1262 1373 1388 1425 plebis
1405 1373 1584 1425 impediri

191 1449 230 1481 26
252 1438 374 1489 possit
394 1438 639 1490 appetiturus
661 1440 746 1477 sim.
808 1438 914 1478 Dicit
941 1438 1260 1489 frequentissimo
1286 1447 1424 1478 senatu
1445 1440 1583 1478 consul
1606 1455 1646 1477 ιο

255 1503 448 1543 Kalendis
484 1503 674 1542 Ianuariis
705 1518 800 1550 sese,
829 1503 859 1542 si
889 1512 1012 1542 status
1042 1503 1106 1542 hic
1136 1503 1189 1543 rei
1219 1503 1401 1555 publicae
1430 1512 1586 1542 maneat

254 1583 382 1619 neque
420 1568 582 1619 aliquod
623 1570 824 1620 negotium
864 1568 1051 1607 exstiterit
1090 1570 1199 1619 quod
1238 1570 1403 1608 honeste
1441 1569 1588 1609 subter-

255 1636 385 1685 fugere
415 1647 495 1672 non
527 1635 660 1684 possit,
685 1635 722 1672 in
754 1633 995 1684 provinciam
1027 1647 1107 1673 non
1143 1633 1298 1673 iturum.
1358 1634 1422 1673 Sic
1454 1648 1517 1673 me
1548 1634 1587 1673 in

256 1701 332 1739 hoc
353 1699 577 1750 magistratu
598 1714 740 1750 geram,
766 1708 894 1750 patres
915 1699 1136 1749 conscripti,
1156 1708 1197 1738 ut
1218 1699 1364 1753 possim
1387 1699 1586 1738 tribunum

257 1764 383 1815 plebis
403 1764 456 1803 rei
477 1765 658 1815 publicae
682 1764 821 1803 iratum
844 1778 1034 1811 coercere,
1051 1764 1145 1802 mihi
1164 1764 1302 1803 iratum
1320 1772 1584 1805 contemnere.

209 1842 237 1879 9
314 1831 444 1878 Quam
466 1830 519 1868 ob
540 1845 631 1878 rem,
649 1845 717 1881 per
738 1833 834 1870 deos
856 1830 1085 1870 immortalis
1105 1833 1111 1868 Σ
1142 1831 1327 1881 conligite
1345 1844 1426 1878 vos,
1445 1830 1588 1869 tribuni

258 1894 396 1945 plebis,
419 1896 585 1934 deserite
608 1910 674 1935 eos
696 1911 718 1935 a
740 1898 894 1947 quibus,
920 1896 993 1935 nisi
1024 1895 1256 1947 prospicitis,
1279 1895 1384 1935 brevi
1414 1904 1590 1947 ternpore

258 1960 507 2009 deseremini,
547 1963 769 2013 conspirate
811 1962 1030 2009 nobiscum,
1073 1962 1293 2001 consentite
1331 1976 1421 2001 cum
1461 1961 1588 2007 bonis,

259 2040 512 2067 communem
549 2042 629 2068 rem
664 2029 862 2080 publicam
901 2028 1103 2068 communi
1144 2029 1275 2068 studio
1308 2037 1427 2080 atque
1458 2042 1590 2068 amore

303 2143 323 2172 3
348 2137 436 2163 metu
454 2131 539 2174 Lag.
555 2144 577 2172 9
714 2144 746 2171 14
776 2133 958 2164 ostendero
973 2133 1074 2164 EcN:
1099 2144 1162 2165 om.
1179 2132 1270 2171 Alfi
1407 2133 1442 2164 ¹8
1466 2132 1590 2175 aliquid

260 2176 305 2207 Ea
443 2188 481 2215 19
506 2177 606 2208 ullam
624 2188 692 2208 rem
710 2176 742 2207 E
873 2188 915 2208 20
939 2177 1167 2217 appetiturus]
1186 2178 1371 2217 adepturus
1389 2176 1425 2207 N
1551 2185 1587 2206 ει

263 2219 358 2261 Kat]
383 2220 430 2251 Id.
448 2219 480 2250 E
623 2231 663 2251 22
689 2221 823 2260 aliquod
842 2220 955 2252 E'·'z¹‘›’':
981 2220 1107 2260 aliquid
1125 2221 1254 2258 libila:
1280 2220 1369 2252 aliud
1387 2221 1422 2251 Ν
1551 2231 1590 2257 οι

261 2268 380 2301 patres
394 2264 577 2303 conscripti
595 2264 634 2304 ς’,
656 2263 874 2295 Latcrcdanlts
889 2275 895 2294 :
920 2274 954 2303 p.
970 2263 1011 2295 R.
1030 2267 1094 2296 cc'lt.
1201 2273 1240 2303 27
1267 2263 1458 2305 prospicitis
1475 2263 1568 2302 Εσχιι
1584 2273 1591 2293 ;

263 2306 454 2346 perspicitis
470 2306 563 2345 Alli&-
