1747 2620
214 96 256 123 12

219 338 257 371 51

222 1160 264 1198 13

277 101 318 132 30
647 89 693 122 M
735 85 904 123 TVLLI
936 83 1243 123 CICERONIS

278 198 418 237 cedere
438 205 504 236 aut
526 209 765 247 quemquam
787 194 1089 234 intercessurum
1117 200 1239 244 putet,
1262 206 1353 232 cum
1382 191 1610 232 intercessio

279 262 482 301 stultitiam
504 261 770 301 intercessoris
791 260 1053 311 significatura
1075 259 1133 307 sit,
1158 273 1237 297 non
1260 273 1339 298 rem
1362 258 1608 309 impeditura.

334 328 418 366 Sint
456 327 570 378 igitur
608 326 707 364 xviri
741 339 870 376 neque
909 324 1007 363 veris
1045 323 1224 371 comitiis,
1262 325 1338 362 hoc
1370 332 1438 371 est,
1474 324 1609 375 populi

281 393 482 443 suffragiis,
512 406 641 443 neque
676 392 749 430 illis
787 393 838 430 ad
871 390 1043 442 speciem
1078 398 1196 441 atque
1230 392 1281 429 ad
1315 390 1608 441 usurpationem

280 458 483 497 vetustatis
515 472 583 508 per
615 469 704 494 xxx
740 456 895 496 lictores
924 455 1189 506 auspiciorum
1220 469 1337 494 causa
1368 455 1610 495 adumbratis

281 523 494 563 constituti.
554 522 700 561 Videte
732 536 838 561 nunc
873 535 940 561 eos
975 521 1042 572 qui
1076 535 1099 559 a
1132 520 1244 559 vobis
1279 520 1376 559 nihil
1408 520 1611 572 potestatis

280 589 503 639 acceperint
551 596 700 639 quanto
748 587 961 626 maioribus
1004 585 1246 626 ornamentis
1289 585 1447 624 adficiat
1491 599 1609 636 quam

281 668 420 693 omnes
440 667 513 693 nos
533 653 678 692 adfecti
699 666 834 692 sumus
855 653 999 703 quibus
1020 665 1089 691 vos
1116 651 1377 702 amplissimas
1397 658 1612 702 potestates

281 719 456 759 dedistis.
516 719 634 758 Iubet
663 718 837 769 auspicia
867 717 1110 757 coloniarum
1140 718 1464 756 deducendarum
1495 730 1614 756 causa

283 784 416 823 xviros
453 784 597 823 habere
635 783 903 835 pullariosque‚
945 786 1115 821 ‘EODEM
1162 784 1286 830 1VRE‚'
1324 781 1462 833 inquit,
1507 786 1613 827 ‘Qvo

284 862 538 888 HABVERVNT
560 861 697 887 111V1R1
719 861 826 887 LEGE
847 849 1120 887 SEMPRONIA.'
1172 849 1308 887 Audes
1329 848 1458 895 etiam,
1483 849 1611 895 Rulle,

284 914 527 954 mentionem
548 915 674 952 facere
695 913 789 964 legis
811 912 1077 963 Semproniae,
1101 926 1174 951 nec
1196 920 1233 952 te
1261 927 1306 951 ea
1325 914 1386 951 lex
1406 913 1490 963 ipsa
1510 926 1614 952 com-

284 987 419 1019 monet
450 979 602 1018 111viros
636 979 722 1018 illos
758 990 875 1016 xxxv
906 977 1078 1016 tribuum
1109 977 1291 1028 suffragio
1321 985 1471 1017 creatos
1501 980 1615 1017 esse?

286 1048 336 1084 Et
366 1059 456 1084 cum
487 1053 528 1083 tu
557 1059 580 1084 a
609 1044 670 1082 Ti.
694 1043 863 1083 Gracchi
893 1043 1091 1094 aequitate
1125 1057 1171 1081 ac
1206 1044 1358 1093 pudore
1388 1043 1614 1093 longissime

284 1119 458 1150 remotus
478 1111 538 1157 sis,
564 1110 604 1149 id
630 1111 738 1160 quod
766 1108 1026 1148 dissimillima
1055 1108 1204 1148 ratione
1232 1110 1377 1147 factum
1404 1108 1451 1147 sit
1472 1110 1613 1148 eodem

286 1177 367 1215 iure
387 1184 501 1226 putas
521 1189 606 1214 esse
628 1176 840 1225 oportere?
898 1176 977 1212 Dat
1007 1182 1205 1223 praeterea
1235 1181 1470 1223 potestatem
1494 1174 1615 1213 verbo

285 1242 529 1293 praetoriam,
552 1255 593 1280 re
622 1254 711 1279 vera
739 1239 909 1290 regiam3
939 1239 1077 1278 definit
1104 1239 1143 1277 in
1174 1238 1501 1290 quinquennium,
1523 1238 1615 1277 facit

286 1307 592 1358 sempiternam3
636 1305 752 1344 tantis
785 1305 890 1344 enim
930 1306 1137 1343 confirmat
1171 1304 1313 1355 opibus
1345 1312 1383 1343 et
1418 1304 1542 1355 copiis
1573 1312 1615 1343 ut

286 1373 416 1411 invitis
437 1372 531 1423 eripi
553 1374 661 1411 nullo
684 1373 805 1410 modo
826 1371 958 1421 possit.
1007 1370 1163 1409 Deinde
1184 1378 1296 1409 ornat
1315 1370 1613 1421 apparitoribus,

287 1438 434 1487 scribis,
466 1438 640 1484 librariis,
677 1436 948 1488 praeconibus,
982 1435 1215 1483 architectis,
1249 1443 1448 1486 praeterea
1486 1435 1612 1482 mulis,

288 1504 559 1551 tabernaculis,
593 1502 852 1549 centunculis,
885 1501 1143 1552 supellectili3
1181 1509 1382 1551 sumptum
1413 1502 1539 1540 haurit
1569 1516 1615 1540 ex

287 1569 445 1617 aerario,
485 1568 709 1619 suppeditat
746 1579 770 1605 a
814 1566 956 1614 sociis:
1005 1566 1179 1605 finitores
1225 1580 1271 1604 ex
1317 1567 1485 1617 equestri
1527 1568 1616 1606 loco

287 1638 491 1682 ducentos,
515 1634 673 1672 vicenos
704 1632 945 1683 singulorum
975 1631 1179 1682 stipatores
1207 1631 1380 1682 corporis
1401 1632 1614 1680 constituit,

289 1702 449 1739 cosdem
472 1699 669 1738 ministros
690 1706 728 1736 et
748 1697 931 1736 satellites
953 1697 1165 1747 potestatis.
1274 1745 1281 1753 .

345 1767 527 1803 Formam
547 1765 678 1803 adhuc
699 1763 863 1810 habetis,
887 1762 1069 1811 Quirites,
1093 1770 1131 1801 et
1152 1762 1323 1812 speciem
1345 1762 1468 1813 ipsam
1492 1771 1617 1813 tyran-

291 1845 457 1878 noru1n3
486 1828 652 1879 insignia
680 1828 820 1867 videtis
850 1827 1062 1883 potestatis
1090 1829 1267 1866 nondum
1300 1828 1423 1878 ipsam
1451 1836 1618 1879 potesta-

293 1905 381 1935 tem.
426 1895 574 1934 Dixerit
595 1894 699 1933 enim
718 1896 879 1933 fortasse
900 1893 1112 1944 quispiam:
1149 1893 1259 1944 ‘quid
1277 1907 1338 1933 me
1356 1893 1428 1932 ista
1442 1895 1615 1941 laedunt,

333 2014 352 2041 3
378 2007 453 2033 sunt
470 2002 518 2032 lic
650 2013 667 2040 4
694 2008 794 2042 atque
811 2003 868 2044 ad]
890 2009 987 2043 atquc
1006 2004 1039 2043 χ“
1154 2015 1174 2043 9
1198 2002 1335 2043 auspicii
1357 2004 1549 2044 Aimgcm'us
1588 2004 1615 2033 17

292 2048 507 2077 deductarum
527 2045 561 2075 N
674 2057 712 2077 10
736 2058 814 2086 -que
831 2048 980 2087 supplex-'1'
1090 2058 1126 2078 12
1152 2048 1223 2087 ipsa
1242 2047 1294 2077 lcx
1313 2047 1344 2076 E
1430 2052 1617 2078 commovet

290 2090 380 2120 codd.
399 2102 405 2120 :
429 2100 505 2120 corr.
525 2090 572 2121 cd.
599 2090 629 2118 1⁷
762 2102 798 2130 ¹3
823 2101 861 2122 111
882 2091 1072 2132 Naugerius
1091 2094 1135 2131 te*
1158 2103 1165 2122 ε
1190 2091 1273 2121 tales
1289 2091 1377 2122 codd.
1486 2096 1618 2122 creatos

292 2145 367 2164 csse
392 2134 458 2164 Ec:
484 2146 557 2164 csse
583 2139 713 2164 creatos
738 2139 823 2165 ceth:
853 2136 1003 2174 (creatos
1028 2146 1104 2165 csse
1131 2136 1289 2175 suffragio
1305 2134 1468 2171 Zt'cli'uslet',
1486 2141 1519 2176 s).
1540 2147 1602 2166 200

299 2188 332 2216 ¹5
357 2178 414 2218 sit]
434 2184 484 2208 est
503 2179 614 2209 Baslcr
751 2190 787 2209 21
816 2179 1026 2210 centunculis
1040 2179 1137 2210 Klots
1158 2191 1163 2209 :
1190 2179 1352 2210 centuriis
1369 2179 1455 2210 codd.
1477 2190 1482 2209 :
1509 2184 1618 2210 tento-

294 2221 350 2252 riis
367 2221 534 2252 Turnebus
550 2234 557 2252 τ
579 2222 763 2254 cantheriis
778 2223 1010 2263 l’anlagallms
1101 2233 1141 2252 22
1161 2223 1311 2254 finitores
1325 2222 1370 2253 A.
1382 2223 1616 2263 Augustinus:

294 2265 453 2295 ianitores
469 2265 557 2295 codd.
718 2276 757 2303 23
781 2266 918 2296 vicenos
936 2265 1124 2296 Mommsen
1143 2278 1148 2296 :
1173 2266 1204 2296 in
1220 2276 1328 2297 annos
1345 2270 1409 2296 cell.
1503 2266 1617 2304 singu-

295 2308 399 2338 lorum
419 2309 465 2339 E:
492 2309 644 2348 singulos
662 2313 726 2340 cell.
746 2321 752 2340 z
777 2309 918 2348 singulis
937 2308 1056 2340 illsillcr
1189 2312 1230 2340 26
1255 2310 1361 2349 ipsam
1379 2309 1437 2341 dcl.
1457 2309 1546 2341 Koclz

1636 798 1673 820 10

1638 1121 1674 1154 15

1638 1453 1678 1475 20
