1747 2620
181 67 233 105 28

192 186 234 226 87

181 747 235 784 29

193 1629 233 1670 S9

256 71 296 104 86
624 69 680 106 M.
709 67 878 105 TVLLI
910 66 1216 106 CICERONIS

255 179 384 218 solum
421 177 583 218 vertisse
621 177 826 217 diceretur.
902 176 1118 227 Reliquum
1157 183 1215 214 est
1253 183 1297 214 ut
1334 189 1425 214 eum
1463 187 1583 213 nemo

255 243 402 282 iudicio
440 243 671 283 defenderit.
733 244 853 292 Quod
893 250 1029 281 contra
1067 241 1338 291 copiosissime
1375 241 1583 279 defensum

255 322 340 347 esse
378 308 567 347 contendi
605 322 687 347 non
725 309 776 346 ab
820 307 982 346 homine
1024 307 1154 345 alieno
1194 319 1325 357 neque
1361 306 1413 346 ab
1450 305 1584 355 aliquo

254 374 537 413 calumniatore
566 382 684 424 atque
715 374 910 424 improbo,
939 374 1009 411 sed
1035 373 1086 411 ab
1112 372 1244 422 equite
1276 374 1471 419 Romano,
1500 385 1584 422 pro-

254 440 405 490 pinquo
425 453 471 477 ac
492 439 713 478 necessario
734 452 817 486 suo,
845 452 965 488 quem
992 437 1076 488 ipse
1103 439 1188 476 Sex.
1213 437 1386 476 Naevius
1405 449 1585 488 procura-

255 513 380 543 torem
402 505 620 554 relinquere
648 512 764 542 antea
793 511 1023 542 consuesset
1040 518 1050 551 3
1080 516 1210 553 neque
1230 515 1332 549 eum,
1357 501 1387 540 si
1407 501 1584 540 tribunos

254 569 470 620 appellarit,
494 569 640 608 idcirco
662 569 792 607 minus
821 568 968 608 iudicio
995 569 1074 619 pati
1104 576 1282 619 paratum
1302 567 1432 614 fuisse,
1455 580 1585 617 neque

256 634 433 686 potentia
466 634 726 685 procuratoris
768 634 919 673 Naevio
960 634 1018 672 ius
1058 641 1261 684 ereptum;
1296 640 1433 672 contra
1466 631 1584 670 istum

256 699 432 750 potentia
463 713 533 738 sua
567 708 650 738 tum
684 708 837 738 tantum
878 701 999 738 modo
1038 699 1279 750 superiorem
1313 698 1443 745 fuisse,
1477 710 1584 736 nunc

228 765 371 810 „nobis
393 764 454 802 vix
474 765 689 815 respirandi
713 772 949 815 potestatem
972 766 1075 803 dare.
1136 763 1324 813 Quaesivi
1345 776 1446 814 quae
1466 776 1583 802 causa

255 832 389 870 fuisset
409 844 478 869 cur
499 832 604 870 bona
624 845 704 870 non
721 831 930 879 venissent,
950 845 1041 869 curn
1063 844 1109 869 ex
1129 830 1260 869 edicto
1277 828 1581 880 possiderentur.

256 896 413 935 Deinde
433 896 529 935 illud
546 910 707 947 quoque
723 896 906 947 requisivi
924 911 1002 947 qua
1023 896 1173 935 ratione
1188 910 1235 934 ex
1251 903 1309 934 tot
1326 894 1584 934 creditoribus

1605 452 1623 483 5

1605 780 1645 803 10

255 975 373 1001 nemo
407 975 537 1012 neque
568 969 651 1000 tum
688 963 794 1001 idem
830 961 962 1000 fecerit
997 975 1126 1012 neque
1161 975 1267 999 nunc
1300 968 1437 999 contra
1465 960 1606 1008 dicat„

255 1041 474 1077 omnesque
499 1041 569 1078 pro
592 1029 632 1065 P.
657 1027 847 1076 Quinctio
868 1035 1055 1078 pugnent,
1078 1025 1304 1077 praesertim
1331 1039 1422 1064 cum
1451 1027 1490 1064 in
1517 1026 1583 1064 tali

255 1092 403 1131 iudicio
425 1093 650 1131 testimonia
677 1092 915 1132 creditorum
947 1092 1218 1131 existimentur
1238 1093 1289 1131 ad
1311 1106 1392 1131 rem
1414 1092 1584 1130 maxime
1628 1112 1642 1142 .'

256 1157 459 1209 pertinere.
520 1160 663 1197 Postea
687 1172 774 1196 sum
802 1171 895 1196 usus
922 1157 1131 1196 adversarii
1160 1157 1398 1204 testimonio,
1421 1157 1489 1207 qui
1510 1157 1583 1196 sibi

255 1237 347 1262 eum
364 1237 488 1274 nuper
503 1223 628 1262 edidit
650 1223 800 1262 socium
818 1237 948 1274 quem,
967 1236 1047 1274 quo
1065 1224 1187 1261 modo
1208 1236 1313 1261 nunc
1331 1221 1514 1270 intendit,
1534 1235 1585 1262 ne

255 1290 294 1328 in
316 1290 492 1328 vivorum
520 1289 681 1340 quidem
710 1303 874 1328 numero
903 1296 987 1327 tum
1015 1290 1259 1328 demonstrat
1290 1288 1419 1327 fuisse.
1479 1290 1585 1326 Tum

254 1355 361 1394 illam
385 1355 657 1394 incredibilem
686 1355 924 1394 celeritatem
946 1369 1015 1394 seu
1036 1355 1167 1406 potius
1188 1354 1395 1394 audaciam
1416 1353 1585 1405 protu1i3

254 1420 483 1460 confirmavi
508 1433 670 1459 necesse
699 1434 784 1459 esse
811 1427 879 1459 aut
912 1420 1035 1460 biduo
1056 1433 1136 1459 DCC
1157 1421 1263 1459 milia
1283 1434 1471 1471 passuum
1499 1433 1584 1459 esse

254 1489 419 1527 decursa
434 1493 501 1525 aut
515 1488 600 1525 Sex.
617 1486 812 1525 Naevium
830 1486 969 1525 diebus
986 1488 1255 1538 compluribus
1271 1494 1362 1526 ante
1378 1486 1419 1525 in
1435 1499 1584 1537 posses-

254 1552 406 1592 sionem
428 1551 579 1590 misisse
596 1565 714 1602 quam
736 1553 950 1602 postularet
966 1552 1021 1591 uti
1038 1553 1073 1592 ei
1090 1552 1221 1592 liceret
1243 1553 1349 1592 bona
1369 1552 1582 1603 possidere.

256 1622 398 1658 Postea
424 1617 581 1657 recitavi
610 1618 784 1656 edictum
812 1620 921 1668 quod
948 1627 1081 1669 aperte
1109 1618 1317 1658 dominum
1344 1620 1394 1658 de
1423 1618 1584 1669 praedio

255 1683 411 1723 detrudi
434 1691 607 1731 vetaret3
645 1683 684 1721 in
716 1698 797 1734 quo
833 1684 1008 1723 constitit
1040 1685 1245 1723 Naevium
1266 1698 1313 1723 ex
1342 1685 1473 1724 edicto
1502 1698 1582 1723 non

256 1748 488 1799 possedisse,
520 1762 610 1786 cum
643 1750 894 1788 confiteretur
928 1763 974 1788 ex
1009 1751 1171 1799 praedio
1200 1749 1236 1788 vi
1266 1751 1469 1789 detrusum
1498 1764 1583 1790 esse

257 1815 500 1864 Quinctium.
561 1815 738 1853 Omnino
772 1823 904 1855 autem
933 1816 1038 1855 bona
1065 1830 1245 1867 possessa
1272 1830 1353 1855 non
1383 1830 1468 1855 esse
1494 1830 1585 1855 con-

256 1880 374 1927 stitui,
411 1881 520 1930 quod
556 1880 751 1918 bonorum
789 1882 986 1930 possessio
1025 1888 1222 1930 spectetur
1259 1894 1340 1920 non
1379 1882 1419 1919 in
1454 1882 1586 1931 aliqua

257 1953 375 1996 parte,
412 1946 482 1983 sed
521 1944 561 1982 in
596 1944 785 1983 universis
825 1959 926 1995 quae
965 1945 1087 1984 teneri
1123 1952 1161 1984 et
1194 1945 1384 1995 possideri
1421 1945 1584 1996 possint.

305 2058 317 2077 1
344 2048 501 2078 vertisset
520 2050 543 2078 Σ
648 2057 667 2085 3
694 2048 818 2086 nequel
839 2058 899 2078 nec
918 2048 947 2077 b¹
967 2060 974 2079 z
999 2059 1065 2078 non
1082 2048 1113 2077 Β
1226 2059 1243 2086 4
1271 2048 1428 2079 Romano
1445 2060 1511 2080 om.
1532 2050 1587 2081 25·

258 2100 277 2129 5
300 2101 338 2121 ac
357 2094 400 2122 Σ;
425 2096 525 2130 atque
542 2091 584 2122 (ἴε
609 2095 641 2121 et
661 2090 703 2129 ὑχ
807 2092 828 2121 6
850 2096 928 2122 ante
945 2091 1001 2130 b¹><
1091 2091 1184 2131 eum]
1205 2093 1292 2122 enim
1312 2094 1335 2122 Σ
1424 2102 1441 2131 7
1466 2093 1587 2124 iudicio

259 2138 303 2165 Σ;
329 2134 472 2164 iudicem
491 2135 530 2165 b:
556 2135 712 2165 iudicium
730 2138 795 2165 cett.
900 2145 936 2172 14
962 2135 1140 2174 omnisque
1160 2139 1182 2165 Σ
1201 2146 1268 2175 mg.
1288 2135 1318 2164 bl
1409 2141 1536 2175 pugnet
1554 2136 1585 2166 ὑὶ

261 2187 297 2216 15
322 2178 461 2218 iudicio]
482 2178 619 2217 negotio
635 2177 705 2216 X2S‘
832 2187 868 2216 17
893 2178 1016 2218 edidit]
1034 2179 1125 2209 dedit
1144 2178 1200 2209 Σὺῑ
1312 2189 1354 2209 20
1378 2190 1518 2210 necesse
1535 2185 1586 2210 est

257 2226 312 2251 aut
332 2224 354 2251 Σ
480 2231 521 2250 22
547 2221 590 2261 ei]
609 2222 683 2252 eius
703 2221 747 2252 ΣΙ)
880 2231 920 2259 24
945 2222 1111 2258 constitit]
1133 2222 1287 2253 constitui
1307 2222 1358 2252 bl:
1384 2224 1537 2254 consistit
1555 2223 1588 2254 Β

258 2265 300 2294 26
324 2264 460 2294 omnino
476 2264 652 2295 Hotoman
667 2275 674 2295 :
699 2264 812 2295 omnia
827 2265 915 2295 codd.
1079 2266 1120 2295 28
1147 2271 1180 2297 et
1198 2266 1242 2296 Σύ
1259 2277 1265 2296 :
1289 2276 1326 2297 ac
1343 2267 1399 2305 χεῖ
1509 2277 1586 2307 pos-

258 2308 325 2338 sint
342 2311 386 2338 Σε
412 2312 553 2347 possunt
571 2311 634 2339 cett.

1607 1436 1647 1458 20
