1716 2662
36 463 53 496 5

19 786 56 807 10

19 1114 55 1146 15

19 1441 58 1463 20

238 74 348 113 PRO
378 76 426 123 Q.
461 74 666 114 ROSCIO
698 74 982 113 COMOEDO
1013 75 1229 114 ORATIO
1354 85 1399 112 10
1423 90 1461 121 27

74 198 326 224 communem
367 187 514 223 factum
553 199 638 224 esse
680 185 796 236 gratis
835 199 925 224 cum
968 186 1126 231 Roscio,
1169 186 1233 236 qui
1279 186 1403 236 pretio

74 250 252 301 proprius
274 250 408 289 suisset
434 249 569 288 Fanni.
631 250 809 300 Largitus
837 258 895 289 est
916 250 1063 289 scilicet
1092 252 1213 289 homo
1235 251 1404 290 liberalis

74 322 113 353 et
151 314 363 354 dissolutus
403 323 442 354 et
480 314 656 354 bonitate
694 316 873 354 adfluens
914 316 1087 354 Fannius
1124 315 1282 355 Roscio.
1342 316 1406 355 Sic

75 388 182 430 puto.
244 379 444 429 Quoniam
480 379 543 418 ille
574 380 637 417 1116
672 379 847 418 constitit
880 380 1086 431 paulisper,
1120 381 1214 419 mihi
1247 395 1406 431 quoque

76 458 236 483 necesse
281 452 339 484 est
378 446 540 495 paulum
584 445 830 483 commorari.
906 448 1129 496 Panurgum
1174 454 1226 492 tu,
1268 445 1405 493 Saturi,

74 510 274 561 proprium
308 510 431 548 Fanni
467 509 565 549 dicis
600 510 727 549 fuisse.
788 512 840 549 At
872 525 944 561 ego
975 518 1102 549 totum
1135 510 1254 549 Rosci
1289 511 1407 550 fuisse

74 576 286 614 contendo.
347 575 456 624 Quid
477 583 557 614 erat
577 575 682 614 enim
706 576 860 614 Fanni?
910 578 1075 626 Corpus.
1127 575 1235 625 Quid
1258 576 1408 615 Rosci?

77 639 305 690 Disciplina.
367 640 501 679 Facies
541 654 621 680 non
654 649 744 689 erat,
779 655 839 680 ars
874 649 954 680 erat
993 641 1173 692 pretiosa.
1234 643 1292 680 Ex
1331 656 1409 692 qua

76 714 184 756 parte
226 714 307 744 erat
351 706 489 753 Fanni,
536 720 617 745 non
661 715 742 745 erat
784 708 855 746 HS
894 724 941 753 00,
980 721 1027 745 ex
1067 721 1145 757 qua
1185 709 1293 757 pa'rte
1327 715 1407 746 erat

78 770 209 817 Rosci,
238 771 406 822 amplius
439 779 519 810 erat
547 773 617 810 HS
653 784 822 811 6661333
855 784 970 820 1333;
1011 786 1129 811 nemo
1163 772 1268 811 enim
1297 772 1406 811 illum

76 849 122 874 ex
143 843 281 874 trunco
302 836 474 887 corporis
491 837 693 887 spectabat
715 839 784 876 sed
807 852 852 876 ex
873 836 1037 876 artificio
1057 837 1212 876 comico
1231 837 1409 876 aestima-

76 901 166 949 bat;
196 915 287 939 nam
312 901 377 940 illa
405 903 581 940 membra
608 916 754 942 merere
775 917 844 953 per
871 916 911 941 se
929 916 1008 941 non
1033 902 1200 953 amplius
1228 911 1407 953 poterant

76 966 289 1005 duodecim
313 966 422 1012 aeris,
447 966 654 1018 disciplina
686 981 787 1018 quae
808 975 889 1006 erat
915 968 966 1006 ab
990 969 1067 1007 hoc
1088 968 1228 1006 tradita
1252 968 1408 1007 locabat

77 1045 118 1070 se
145 1046 224 1071 non
251 1032 379 1071 minus
408 1034 478 1071 HS
507 1045 675 1072 6661333
704 1046 804 1072 1333.
865 1034 901 1072 O
932 1033 1161 1072 societatem
1190 1032 1406 1083 captiosam

77 1104 116 1135 et
150 1097 363 1147 indignam,
403 1097 470 1136 ubi
505 1099 602 1136 alter
638 1100 708 1136 HS
746 1112 798 1145 00,
834 1100 930 1137 alter
969 1110 1138 1137 6661333
1174 1110 1264 1137 1333
1299 1099 1407 1148 quod

77 1161 125 1201 sit
146 1162 185 1201 in
209 1162 438 1202 societatem
467 1164 616 1202 adfert!
660 1163 735 1202 nisi
763 1164 910 1203 idcirco
940 1165 1103 1202 moleste
1128 1163 1270 1214 pateris
1298 1165 1407 1214 quod

78 1229 148 1266 HS
192 1242 227 1264 00
276 1235 317 1266 tu
365 1241 412 1266 ex
459 1242 548 1266 arca
598 1229 833 1278 proferebas,
885 1230 956 1268 HS
1005 1241 1175 1268 6661333
1224 1241 1314 1268 1333
1362 1243 1407 1267 ex

75 1292 283 1343 disciplina
307 1299 344 1331 et
364 1292 529 1332 artificio
557 1294 764 1343 promebat
784 1295 952 1332 Roscium
1013 1296 1145 1343 Quam
1170 1293 1274 1332 enim
1296 1307 1406 1344 spem

77 1366 114 1396 et
141 1358 486 1409 exspectationem,
525 1360 634 1409 quod
661 1359 836 1399 studium
865 1367 902 1399 et
929 1373 1046 1409 quem
1076 1361 1246 1399 favorem
1273 1373 1407 1399 secum

78 1423 116 1461 in
147 1437 329 1462 scaenam
359 1424 488 1462 attulit
525 1427 739 1476 Panurgus,
771 1426 880 1475 quod
911 1424 1031 1463 Rosci
1062 1424 1133 1463 fuit
1167 1424 1406 1475 discipulus!

78 1488 157 1538 Qui
185 1488 401 1539 diligebant
427 1490 545 1537 hunc,
573 1489 626 1528 illi
656 1490 850 1538 favebant,
874 1489 941 1540 qui
965 1489 1259 1529 admirabantur
1287 1491 1404 1537 hunc,

77 1555 185 1594 illum
206 1556 438 1607 probabant,
462 1556 529 1607 qui
555 1556 728 1608 denique
750 1556 865 1596 huius
890 1570 1035 1596 nomen
1057 1555 1273 1604 audierant,
1296 1556 1404 1595 illum

76 1621 272 1661 eruditum
307 1629 345 1661 et
379 1624 596 1673 perfectum
629 1622 916 1662 existimabant.
976 1621 1040 1661 Sic
1069 1629 1127 1660 est
1161 1623 1322 1673 volgus3
1360 1636 1406 1661 ex

1429 388 1467 416 28

1430 1048 1469 1080 29

75 1686 236 1726 veritate
266 1700 403 1738 pauca,
438 1702 485 1727 ex
516 1687 705 1739 opinione
744 1689 868 1727 multa
900 1687 1091 1726 aestimat.
1150 1686 1259 1739 Quid
1292 1686 1406 1727 sciret
1426 1696 1467 1728 30

19 1765 50 1795 ε,
76 1746 149 1791 ille
169 1753 355 1803 perpauci
384 1752 762 1800 animadvertebant,
794 1752 861 1792 ubi
891 1752 1095 1792 didicisset
1123 1765 1267 1792 ornnes.
1291 1766 1407 1806 quae-

76 1816 238 1865 reban't;
271 1817 369 1856 nihil
393 1819 443 1857 ab
473 1820 550 1858 hoc
579 1816 741 1869 pravam
772 1826 810 1857 et
840 1831 1066 1868 perversum
1095 1817 1261 1868 produci
1289 1831 1406 1868 posse

119 1931 138 1959 4
164 1921 243 1951 mihi
259 1933 390 1962 quoque
404 1923 433 1954 k
450 1923 660 1963 Naugc11'2113
684 1933 817 1962 quoque
833 1922 912 1952 mihi
931 1925 996 1953 cett.
1120 1933 1141 1961 9
1161 1932 1190 1952 00
1218 1922 1348 1962 scripsz*
1362 1923 1405 1952 ila

77 1965 170 1999 mox)
192 1977 197 1996 :
243 1975 336 1999 L11100
370 1966 459 1997 codd.
486 1967 548 1997 (tta
571 1977 599 1997 v.
628 1977 676 2005 17,
713 1966 771 1996 sed
794 1977 874 1997 11100
910 1977 940 1997 v.
975 1975 1011 2004 15
1043 1977 1048 1995 :
1087 1975 1171 1996 13300
1215 1966 1405 1996 Mommsen

77 2007 166 2046 (Her
167 2019 236 2038 mes
252 2020 308 2040 xx.
328 2019 405 2048 317
413 2033 420 2049 ,
441 2019 512 2040 1333
529 2009 770 2050 Naugemuscz
896 2020 935 2040 10
960 2019 1094 2040 6661333
1109 2019 1179 2040 1333
1194 2008 1405 2039 Mommsen:

77 2060 201 2081 6661111
213 2062 293 2082 6661
310 2055 445 2092 (6661111
464 2054 508 2093 5)
526 2053 640 2084 codd&
665 2064 797 2084 6661333
814 2053 1021 2094 Naugenus
1035 2055 1066 2090 2)
1149 2063 1183 2082 11
1210 2053 1338 2083 aestim.
1355 2053 1403 2084 5:

77 2096 193 2126 extim.
213 2099 278 2126 cett.
435 2107 471 2135 14
496 2106 618 2127 6661111
637 2097 739 2128 codd..
760 2098 796 2136 (s.
816 2107 844 2127 v.
868 2107 907 2127 10
1066 2107 1103 2136 15
1130 2095 1191 2127 Hs
1212 2105 1293 2126 11100
1320 2096 1405 2126 alter

79 2147 140 2168 1111
162 2140 298 2169 (6661111
315 2140 357 2181 5)
377 2140 480 2177 codd,
501 2141 539 2179 cf.
557 2152 585 2171 v.
609 2151 647 2171 10
799 2151 834 2179 17
860 2149 1044 2170 6661111111
1071 2148 1208 2178 (eccum
1227 2140 1272 2177 5)
1299 2139 1401 2177 codd„

77 2181 114 2220 cf.
141 2192 170 2212 v.
194 2192 233 2212 10
384 2184 444 2222 ex]
472 2184 526 2214 ille
545 2195 587 2214 ex
605 2184 625 2213 k
762 2185 799 2214 18
825 2184 972 2214 Roscius
989 2183 1138 2223 supplevi
1152 2183 1226 2219 illoc
1240 2183 1316 2222 loco,
1332 2186 1406 2213 ante

78 2226 251 2263 promebat
264 2225 311 2257 ed.
329 2226 362 2256 R
374 2228 480 2268 peiore
498 2229 652 2266 numero)
731 2238 824 2266 spem
842 2227 1084 2257 Boemoraeus:
1112 2236 1181 2256 rem
1199 2226 1287 2256 codd.
1365 2236 1404 2265 19

79 2278 191 2299 secum
217 2281 282 2300 om.
310 2273 336 2300 Ω
473 2281 513 2308 24
538 2271 669 2301 aestim.
694 2271 744 2302 5:
769 2271 912 2301 existim.
933 2271 1002 2300 nb:
1027 2270 1141 2301 extim.
1165 2274 1229 2301 cett.
1362 2271 1405 2299 26

79 2321 215 2350 pravum
240 2314 292 2344 5:
317 2324 457 2353 parvom
485 2315 566 2354 'Q-um
585 2314 631 2356 bt)
656 2318 721 2345 cett.
793 2324 990 2354 perversum
1010 2316 1058 2345 Ωο
