<?xml version="1.0" encoding="UTF-8"?>
<!DOCTYPE html PUBLIC "-//W3C//DTD XHTML 1.0 Transitional//EN"
    "http://www.w3.org/TR/xhtml1/DTD/xhtml1-transitional.dtd">
<html xmlns="http://www.w3.org/1999/xhtml" xml:lang="en" lang="en">
 <head>
  <title>
</title>
<meta http-equiv="Content-Type" content="text/html;charset=utf-8" />
  <meta name='ocr-system' content='tesseract 3.04.00' />
  <meta name='ocr-capabilities' content='ocr_page ocr_carea ocr_par ocr_line ocrx_word'/>
</head>
<body>
  <div class='ocr_page' id='page_1' title='image "./orationesrecogno04ciceuoft/orationesrecogno04ciceuoft_0104.png"; bbox 0 0 1747 2620; ppageno 0'>
   <div class='ocr_carea' id='block_1_1' title="bbox 187 74 1214 124">
    <p class='ocr_par' dir='ltr' id='par_1_1' title="bbox 187 74 1214 124">
     <span class='ocr_line' id='line_1_1' title="bbox 187 74 1214 124; baseline -0.002 -9"><span class='ocrx_word' id='word_1_1' title='bbox 187 86 232 124; x_wconf 79' lang='lat'>13</span> <span class='ocrx_word' id='word_1_2' title='bbox 254 81 295 123; x_wconf 77' lang='lat'>36</span> <span class='ocrx_word' id='word_1_3' title='bbox 618 76 675 114; x_wconf 91' lang='lat' dir='ltr'>M.</span> <span class='ocrx_word' id='word_1_4' title='bbox 706 75 875 113; x_wconf 92' lang='lat' dir='ltr'><strong>TVLLI</strong></span> <span class='ocrx_word' id='word_1_5' title='bbox 908 74 1214 114; x_wconf 90' lang='lat' dir='ltr'>CICERONIS</span> 
     </span>
    </p>
   </div>
   <div class='ocr_carea' id='block_1_2' title="bbox 191 185 1645 1869">
    <p class='ocr_par' dir='ltr' id='par_1_2' title="bbox 191 185 1645 1869">
     <span class='ocr_line' id='line_1_2' title="bbox 253 185 1584 239; baseline -0.002 -11"><span class='ocrx_word' id='word_1_6' title='bbox 253 187 449 228; x_wconf 82' lang='lat' dir='ltr'>habebit?</span> <span class='ocrx_word' id='word_1_7' title='bbox 495 187 605 238; x_wconf 87' lang='lat' dir='ltr'>Quid</span> <span class='ocrx_word' id='word_1_8' title='bbox 625 186 731 226; x_wconf 90' lang='lat' dir='ltr'>enim</span> <span class='ocrx_word' id='word_1_9' title='bbox 752 186 868 235; x_wconf 89' lang='lat' dir='ltr'>dicet,</span> <span class='ocrx_word' id='word_1_10' title='bbox 892 194 960 225; x_wconf 87' lang='lat' dir='ltr'>aut</span> <span class='ocrx_word' id='word_1_11' title='bbox 980 186 1076 237; x_wconf 91' lang='lat' dir='ltr'>quid</span> <span class='ocrx_word' id='word_1_12' title='bbox 1096 194 1138 225; x_wconf 90' lang='lat' dir='ltr'>tu</span> <span class='ocrx_word' id='word_1_13' title='bbox 1159 194 1239 225; x_wconf 83' lang='lat' dir='ltr'>tam</span> <span class='ocrx_word' id='word_1_14' title='bbox 1260 185 1401 237; x_wconf 85' lang='lat' dir='ltr'>insigni</span> <span class='ocrx_word' id='word_1_15' title='bbox 1421 193 1584 239; x_wconf 84' lang='lat' dir='ltr'>accepta</span> 
     </span>
     <span class='ocr_line' id='line_1_3' title="bbox 253 251 1585 304; baseline -0.001 -12"><span class='ocrx_word' id='word_1_16' title='bbox 253 253 394 293; x_wconf 87' lang='lat' dir='ltr'>iniuria</span> <span class='ocrx_word' id='word_1_17' title='bbox 413 253 663 304; x_wconf 82' lang='lat' dir='ltr'>postulabis?</span> <span class='ocrx_word' id='word_1_18' title='bbox 723 253 865 291; x_wconf 92' lang='lat' dir='ltr'>‘Vnde</span> <span class='ocrx_word' id='word_1_19' title='bbox 885 251 923 291; x_wconf 90' lang='lat' dir='ltr'>vi</span> <span class='ocrx_word' id='word_1_20' title='bbox 947 251 1169 303; x_wconf 88' lang='lat' dir='ltr'>prohibitus</span> <span class='ocrx_word' id='word_1_21' title='bbox 1183 254 1222 292; x_wconf 90' lang='lat'>?&#39;</span> <span class='ocrx_word' id='word_1_22' title='bbox 1279 252 1341 291; x_wconf 89' lang='lat' dir='ltr'>Sic</span> <span class='ocrx_word' id='word_1_23' title='bbox 1362 266 1481 292; x_wconf 92' lang='lat' dir='ltr'>nemo</span> <span class='ocrx_word' id='word_1_24' title='bbox 1502 266 1585 291; x_wconf 94' lang='lat' dir='ltr'>um-</span> 
     </span>
     <span class='ocr_line' id='line_1_4' title="bbox 254 317 1583 370; baseline -0.001 -12"><span class='ocrx_word' id='word_1_25' title='bbox 254 332 374 370; x_wconf 88' lang='lat' dir='ltr'>quam</span> <span class='ocrx_word' id='word_1_26' title='bbox 403 318 601 357; x_wconf 84' lang='lat' dir='ltr'>interdixit</span> <span class='ocrx_word' id='word_1_27' title='bbox 616 333 627 367; x_wconf 79' lang='lat'><em>3</em></span> <span class='ocrx_word' id='word_1_28' title='bbox 663 331 813 356; x_wconf 92' lang='lat' dir='ltr'>novum</span> <span class='ocrx_word' id='word_1_29' title='bbox 843 324 911 365; x_wconf 88' lang='lat' dir='ltr'>est,</span> <span class='ocrx_word' id='word_1_30' title='bbox 941 331 1023 355; x_wconf 90' lang='lat' dir='ltr'>non</span> <span class='ocrx_word' id='word_1_31' title='bbox 1052 317 1143 356; x_wconf 88' lang='lat' dir='ltr'>dico</span> <span class='ocrx_word' id='word_1_32' title='bbox 1173 317 1414 366; x_wconf 85' lang='lat' dir='ltr'>inusitatum,</span> <span class='ocrx_word' id='word_1_33' title='bbox 1448 332 1583 357; x_wconf 88' lang='lat' dir='ltr'>verum</span> 
     </span>
     <span class='ocr_line' id='line_1_5' title="bbox 253 383 1581 435; baseline -0.001 -13"><span class='ocrx_word' id='word_1_34' title='bbox 253 384 418 422; x_wconf 90' lang='lat' dir='ltr'>omnino</span> <span class='ocrx_word' id='word_1_35' title='bbox 457 384 689 422; x_wconf 87' lang='lat' dir='ltr'>inauditum.</span> <span class='ocrx_word' id='word_1_36' title='bbox 761 384 904 422; x_wconf 90' lang='lat' dir='ltr'>‘Vnde</span> <span class='ocrx_word' id='word_1_37' title='bbox 942 383 1174 422; x_wconf 86' lang='lat' dir='ltr'>deiectus?’</span> <span class='ocrx_word' id='word_1_38' title='bbox 1243 384 1352 433; x_wconf 86' lang='lat' dir='ltr'>Quid</span> <span class='ocrx_word' id='word_1_39' title='bbox 1391 383 1581 435; x_wconf 83' lang='lat' dir='ltr'>proficies,</span> 
     </span>
     <span class='ocr_line' id='line_1_6' title="bbox 253 448 1621 499; baseline -0.001 -11"><span class='ocrx_word' id='word_1_40' title='bbox 253 463 346 488; x_wconf 91' lang='lat' dir='ltr'>cum</span> <span class='ocrx_word' id='word_1_41' title='bbox 371 449 426 488; x_wconf 90' lang='lat' dir='ltr'>illi</span> <span class='ocrx_word' id='word_1_42' title='bbox 451 451 528 488; x_wconf 93' lang='lat' dir='ltr'>hoc</span> <span class='ocrx_word' id='word_1_43' title='bbox 549 450 849 499; x_wconf 86' lang='lat' dir='ltr'>respondebunt</span> <span class='ocrx_word' id='word_1_44' title='bbox 869 448 940 487; x_wconf 89' lang='lat' dir='ltr'>tibi</span> <span class='ocrx_word' id='word_1_45' title='bbox 961 450 1070 499; x_wconf 87' lang='lat' dir='ltr'>quod</span> <span class='ocrx_word' id='word_1_46' title='bbox 1098 456 1140 487; x_wconf 87' lang='lat' dir='ltr'>tu</span> <span class='ocrx_word' id='word_1_47' title='bbox 1165 463 1272 488; x_wconf 88' lang='lat' dir='ltr'>nunc</span> <span class='ocrx_word' id='word_1_48' title='bbox 1294 449 1401 496; x_wconf 86' lang='lat' dir='ltr'>mihi,</span> <span class='ocrx_word' id='word_1_49' title='bbox 1426 449 1583 488; x_wconf 90' lang='lat' dir='ltr'>armatis</span> <span class='ocrx_word' id='word_1_50' title='bbox 1603 464 1621 496; x_wconf 89' lang='lat'>5</span> 
     </span>
     <span class='ocr_line' id='line_1_7' title="bbox 254 513 1583 565; baseline -0.001 -12"><span class='ocrx_word' id='word_1_51' title='bbox 254 528 296 553; x_wconf 89' lang='lat' dir='ltr'>se</span> <span class='ocrx_word' id='word_1_52' title='bbox 325 514 397 553; x_wconf 89' lang='lat' dir='ltr'>tibi</span> <span class='ocrx_word' id='word_1_53' title='bbox 426 514 625 553; x_wconf 86' lang='lat' dir='ltr'>obstitisse</span> <span class='ocrx_word' id='word_1_54' title='bbox 654 528 705 552; x_wconf 91' lang='lat' dir='ltr'>ne</span> <span class='ocrx_word' id='word_1_55' title='bbox 734 514 774 552; x_wconf 92' lang='lat' dir='ltr'>in</span> <span class='ocrx_word' id='word_1_56' title='bbox 805 515 913 552; x_wconf 81' lang='lat' dir='ltr'>aedis</span> <span class='ocrx_word' id='word_1_57' title='bbox 934 514 1143 552; x_wconf 82' lang='lat' dir='ltr'>accederes</span> <span class='ocrx_word' id='word_1_58' title='bbox 1159 528 1169 562; x_wconf 80' lang='lat'>3</span> <span class='ocrx_word' id='word_1_59' title='bbox 1198 513 1300 553; x_wconf 90' lang='lat' dir='ltr'>deici</span> <span class='ocrx_word' id='word_1_60' title='bbox 1329 528 1445 565; x_wconf 91' lang='lat' dir='ltr'>porro</span> <span class='ocrx_word' id='word_1_61' title='bbox 1475 516 1583 553; x_wconf 94' lang='lat' dir='ltr'>nullo</span> 
     </span>
     <span class='ocr_line' id='line_1_8' title="bbox 193 578 1581 630; baseline -0.001 -12"><span class='ocrx_word' id='word_1_62' title='bbox 193 593 232 629; x_wconf 85' lang='lat'>37</span> <span class='ocrx_word' id='word_1_63' title='bbox 254 581 377 619; x_wconf 92' lang='lat' dir='ltr'>modo</span> <span class='ocrx_word' id='word_1_64' title='bbox 406 579 582 630; x_wconf 87' lang='lat' dir='ltr'>potuisse</span> <span class='ocrx_word' id='word_1_65' title='bbox 611 579 678 629; x_wconf 90' lang='lat' dir='ltr'>qui</span> <span class='ocrx_word' id='word_1_66' title='bbox 703 593 784 618; x_wconf 93' lang='lat' dir='ltr'>non</span> <span class='ocrx_word' id='word_1_67' title='bbox 804 578 1044 618; x_wconf 84' lang='lat' dir='ltr'>accesserit?</span> <span class='ocrx_word' id='word_1_68' title='bbox 1104 579 1290 618; x_wconf 90' lang='lat' dir='ltr'>‘Deicior</span> <span class='ocrx_word' id='word_1_69' title='bbox 1317 581 1413 630; x_wconf 88' lang='lat' dir='ltr'>ego‚&#39;</span> <span class='ocrx_word' id='word_1_70' title='bbox 1440 579 1581 630; x_wconf 87' lang='lat' dir='ltr'>inquis,</span> 
     </span>
     <span class='ocr_line' id='line_1_9' title="bbox 256 644 1583 696; baseline 0 -12"><span class='ocrx_word' id='word_1_71' title='bbox 256 649 265 667; x_wconf 84' lang='lat'><strong><em>⁴</em></strong></span> <span class='ocrx_word' id='word_1_72' title='bbox 281 645 312 684; x_wconf 90' lang='lat' dir='ltr'>si</span> <span class='ocrx_word' id='word_1_73' title='bbox 326 646 412 696; x_wconf 89' lang='lat' dir='ltr'>quis</span> <span class='ocrx_word' id='word_1_74' title='bbox 430 659 608 685; x_wconf 90' lang='lat' dir='ltr'>meorum</span> <span class='ocrx_word' id='word_1_75' title='bbox 622 645 788 684; x_wconf 84' lang='lat' dir='ltr'>deicitur</span> <span class='ocrx_word' id='word_1_76' title='bbox 804 644 993 685; x_wconf 84' lang='lat' dir='ltr'>omnino.’</span> <span class='ocrx_word' id='word_1_77' title='bbox 1051 647 1137 684; x_wconf 89' lang='lat' dir='ltr'>Iam</span> <span class='ocrx_word' id='word_1_78' title='bbox 1157 646 1260 684; x_wconf 91' lang='lat' dir='ltr'>bene</span> <span class='ocrx_word' id='word_1_79' title='bbox 1280 645 1360 695; x_wconf 84' lang='lat' dir='ltr'>agis</span> <span class='ocrx_word' id='word_1_80' title='bbox 1376 660 1386 694; x_wconf 71' lang='lat'>5</span> <span class='ocrx_word' id='word_1_81' title='bbox 1417 659 1440 684; x_wconf 92' lang='lat' dir='ltr'>a</span> <span class='ocrx_word' id='word_1_82' title='bbox 1454 645 1583 684; x_wconf 83' lang='lat' dir='ltr'>verbis</span> 
     </span>
     <span class='ocr_line' id='line_1_10' title="bbox 254 710 1584 762; baseline 0 -12"><span class='ocrx_word' id='word_1_83' title='bbox 254 711 361 750; x_wconf 88' lang='lat' dir='ltr'>enim</span> <span class='ocrx_word' id='word_1_84' title='bbox 390 711 540 751; x_wconf 84' lang='lat' dir='ltr'>recedis</span> <span class='ocrx_word' id='word_1_85' title='bbox 562 718 600 749; x_wconf 89' lang='lat' dir='ltr'>et</span> <span class='ocrx_word' id='word_1_86' title='bbox 619 710 818 761; x_wconf 87' lang='lat' dir='ltr'>aequitate</span> <span class='ocrx_word' id='word_1_87' title='bbox 845 710 974 748; x_wconf 87' lang='lat' dir='ltr'>uteris.</span> <span class='ocrx_word' id='word_1_88' title='bbox 1036 712 1141 749; x_wconf 84' lang='lat' dir='ltr'>Nam</span> <span class='ocrx_word' id='word_1_89' title='bbox 1161 711 1281 749; x_wconf 88' lang='lat' dir='ltr'>verba</span> <span class='ocrx_word' id='word_1_90' title='bbox 1310 710 1472 761; x_wconf 90' lang='lat' dir='ltr'>quidem</span> <span class='ocrx_word' id='word_1_91' title='bbox 1499 711 1584 762; x_wconf 84' lang='lat' dir='ltr'>ipsa</span> 
     </span>
     <span class='ocr_line' id='line_1_11' title="bbox 253 775 1645 827; baseline 0 -12"><span class='ocrx_word' id='word_1_92' title='bbox 253 776 285 815; x_wconf 83' lang='lat' dir='ltr'>si</span> <span class='ocrx_word' id='word_1_93' title='bbox 315 776 426 827; x_wconf 88' lang='lat' dir='ltr'>sequi</span> <span class='ocrx_word' id='word_1_94' title='bbox 455 778 650 823; x_wconf 82' lang='lat' dir='ltr'>volumus,</span> <span class='ocrx_word' id='word_1_95' title='bbox 675 790 755 826; x_wconf 92' lang='lat' dir='ltr'>quo</span> <span class='ocrx_word' id='word_1_96' title='bbox 785 776 908 814; x_wconf 91' lang='lat' dir='ltr'>modo</span> <span class='ocrx_word' id='word_1_97' title='bbox 938 783 980 814; x_wconf 87' lang='lat' dir='ltr'>tu</span> <span class='ocrx_word' id='word_1_98' title='bbox 1010 775 1185 822; x_wconf 89' lang='lat' dir='ltr'>deiceris,</span> <span class='ocrx_word' id='word_1_99' title='bbox 1209 789 1301 814; x_wconf 90' lang='lat' dir='ltr'>cum</span> <span class='ocrx_word' id='word_1_100' title='bbox 1330 789 1463 815; x_wconf 89' lang='lat' dir='ltr'>servus</span> <span class='ocrx_word' id='word_1_101' title='bbox 1492 783 1582 815; x_wconf 88' lang='lat' dir='ltr'>tuus</span> <span class='ocrx_word' id='word_1_102' title='bbox 1605 792 1645 815; x_wconf 91' lang='lat'>10</span> 
     </span>
     <span class='ocr_line' id='line_1_12' title="bbox 253 840 1584 889; baseline 0 -9"><span class='ocrx_word' id='word_1_103' title='bbox 253 841 449 880; x_wconf 81' lang='lat' dir='ltr'>deicitur?</span> <span class='ocrx_word' id='word_1_104' title='bbox 516 843 666 880; x_wconf 87' lang='lat' dir='ltr'>Verum</span> <span class='ocrx_word' id='word_1_105' title='bbox 698 841 751 879; x_wconf 88' lang='lat' dir='ltr'>ita</span> <span class='ocrx_word' id='word_1_106' title='bbox 785 848 843 879; x_wconf 87' lang='lat' dir='ltr'>est</span> <span class='ocrx_word' id='word_1_107' title='bbox 881 840 937 879; x_wconf 90' lang='lat' dir='ltr'>uti</span> <span class='ocrx_word' id='word_1_108' title='bbox 977 840 1100 889; x_wconf 81' lang='lat' dir='ltr'>dieis,·</span> <span class='ocrx_word' id='word_1_109' title='bbox 1141 849 1179 879; x_wconf 89' lang='lat' dir='ltr'>te</span> <span class='ocrx_word' id='word_1_110' title='bbox 1217 841 1416 880; x_wconf 89' lang='lat' dir='ltr'>deiectum</span> <span class='ocrx_word' id='word_1_111' title='bbox 1454 842 1584 881; x_wconf 85' lang='lat' dir='ltr'>debeo</span> 
     </span>
     <span class='ocr_line' id='line_1_13' title="bbox 253 906 1580 957; baseline 0 -12"><span class='ocrx_word' id='word_1_112' title='bbox 253 907 488 957; x_wconf 84' lang='lat' dir='ltr'>intellegere,</span> <span class='ocrx_word' id='word_1_113' title='bbox 512 906 631 945; x_wconf 88' lang='lat' dir='ltr'>etiam</span> <span class='ocrx_word' id='word_1_114' title='bbox 652 906 684 944; x_wconf 91' lang='lat' dir='ltr'>si</span> <span class='ocrx_word' id='word_1_115' title='bbox 705 913 831 945; x_wconf 88' lang='lat' dir='ltr'>tactus</span> <span class='ocrx_word' id='word_1_116' title='bbox 852 920 934 944; x_wconf 88' lang='lat' dir='ltr'>non</span> <span class='ocrx_word' id='word_1_117' title='bbox 955 906 1082 945; x_wconf 83' lang='lat' dir='ltr'>fueris.</span> <span class='ocrx_word' id='word_1_118' title='bbox 1134 907 1313 946; x_wconf 84' lang='lat' dir='ltr'>Nonne?</span> <span class='ocrx_word' id='word_1_119' title='bbox 1359 908 1445 957; x_wconf 84' lang='lat' dir='ltr'>Age</span> <span class='ocrx_word' id='word_1_120' title='bbox 1464 920 1580 954; x_wconf 90' lang='lat' dir='ltr'>nunc,</span> 
     </span>
     <span class='ocr_line' id='line_1_14' title="bbox 253 970 1584 1022; baseline 0.001 -12"><span class='ocrx_word' id='word_1_121' title='bbox 253 971 284 1010; x_wconf 88' lang='lat' dir='ltr'>si</span> <span class='ocrx_word' id='word_1_122' title='bbox 323 985 372 1010; x_wconf 91' lang='lat' dir='ltr'>ne</span> <span class='ocrx_word' id='word_1_123' title='bbox 411 979 569 1010; x_wconf 88' lang='lat' dir='ltr'>tuorum</span> <span class='ocrx_word' id='word_1_124' title='bbox 608 971 770 1022; x_wconf 91' lang='lat' dir='ltr'>quidem</span> <span class='ocrx_word' id='word_1_125' title='bbox 800 970 1020 1021; x_wconf 68' lang='lat' dir='ltr'>&#39;quisquam</span> <span class='ocrx_word' id='word_1_126' title='bbox 1059 972 1148 1009; x_wconf 92' lang='lat' dir='ltr'>loco</span> <span class='ocrx_word' id='word_1_127' title='bbox 1187 979 1319 1010; x_wconf 86' lang='lat' dir='ltr'>motus</span> <span class='ocrx_word' id='word_1_128' title='bbox 1357 972 1428 1010; x_wconf 92' lang='lat' dir='ltr'>erit</span> <span class='ocrx_word' id='word_1_129' title='bbox 1465 979 1584 1022; x_wconf 90' lang='lat' dir='ltr'>atque</span> 
     </span>
     <span class='ocr_line' id='line_1_15' title="bbox 252 1037 1584 1087; baseline 0 -11"><span class='ocrx_word' id='word_1_130' title='bbox 252 1050 391 1076; x_wconf 87' lang='lat' dir='ltr'>omnes</span> <span class='ocrx_word' id='word_1_131' title='bbox 421 1038 461 1076; x_wconf 93' lang='lat' dir='ltr'>in</span> <span class='ocrx_word' id='word_1_132' title='bbox 489 1037 655 1076; x_wconf 86' lang='lat' dir='ltr'>aedibus</span> <span class='ocrx_word' id='word_1_133' title='bbox 682 1037 875 1076; x_wconf 87' lang='lat' dir='ltr'>adservati</span> <span class='ocrx_word' id='word_1_134' title='bbox 903 1050 949 1075; x_wconf 90' lang='lat' dir='ltr'>ac</span> <span class='ocrx_word' id='word_1_135' title='bbox 975 1038 1125 1084; x_wconf 86' lang='lat' dir='ltr'>retenti,</span> <span class='ocrx_word' id='word_1_136' title='bbox 1156 1044 1198 1075; x_wconf 91' lang='lat' dir='ltr'>tu</span> <span class='ocrx_word' id='word_1_137' title='bbox 1228 1038 1334 1075; x_wconf 87' lang='lat' dir='ltr'>solus</span> <span class='ocrx_word' id='word_1_138' title='bbox 1363 1037 1584 1087; x_wconf 90' lang='lat' dir='ltr'>prohibitus</span> 
     </span>
     <span class='ocr_line' id='line_1_16' title="bbox 252 1102 1643 1153; baseline -0.001 -12"><span class='ocrx_word' id='word_1_139' title='bbox 252 1110 292 1141; x_wconf 88' lang='lat' dir='ltr'>et</span> <span class='ocrx_word' id='word_1_140' title='bbox 323 1116 347 1141; x_wconf 86' lang='lat' dir='ltr'>a</span> <span class='ocrx_word' id='word_1_141' title='bbox 380 1103 456 1141; x_wconf 90' lang='lat' dir='ltr'>tuis</span> <span class='ocrx_word' id='word_1_142' title='bbox 487 1102 652 1141; x_wconf 86' lang='lat' dir='ltr'>aedibus</span> <span class='ocrx_word' id='word_1_143' title='bbox 682 1102 719 1140; x_wconf 88' lang='lat' dir='ltr'>vi</span> <span class='ocrx_word' id='word_1_144' title='bbox 750 1110 871 1152; x_wconf 91' lang='lat' dir='ltr'>atque</span> <span class='ocrx_word' id='word_1_145' title='bbox 903 1102 1020 1141; x_wconf 89' lang='lat' dir='ltr'>armis</span> <span class='ocrx_word' id='word_1_146' title='bbox 1052 1102 1290 1153; x_wconf 64' lang='lat' dir='ltr'>proterritm„</span> <span class='ocrx_word' id='word_1_147' title='bbox 1323 1111 1453 1141; x_wconf 91' lang='lat' dir='ltr'>utrum</span> <span class='ocrx_word' id='word_1_148' title='bbox 1480 1104 1583 1142; x_wconf 86' lang='lat' dir='ltr'>hanc</span> <span class='ocrx_word' id='word_1_149' title='bbox 1608 1119 1643 1150; x_wconf 78' lang='lat'>15</span> 
     </span>
     <span class='ocr_line' id='line_1_17' title="bbox 251 1167 1583 1218; baseline 0 -12"><span class='ocrx_word' id='word_1_150' title='bbox 251 1167 449 1206; x_wconf 86' lang='lat' dir='ltr'>actionem</span> <span class='ocrx_word' id='word_1_151' title='bbox 478 1167 644 1206; x_wconf 87' lang='lat' dir='ltr'>habebis</span> <span class='ocrx_word' id='word_1_152' title='bbox 666 1181 745 1218; x_wconf 87' lang='lat' dir='ltr'>qua</span> <span class='ocrx_word' id='word_1_153' title='bbox 764 1181 837 1206; x_wconf 84' lang='lat' dir='ltr'>nos</span> <span class='ocrx_word' id='word_1_154' title='bbox 867 1167 927 1206; x_wconf 87' lang='lat' dir='ltr'>usi</span> <span class='ocrx_word' id='word_1_155' title='bbox 948 1181 1094 1214; x_wconf 85' lang='lat' dir='ltr'>sumus,</span> <span class='ocrx_word' id='word_1_156' title='bbox 1118 1181 1169 1206; x_wconf 91' lang='lat' dir='ltr'>an</span> <span class='ocrx_word' id='word_1_157' title='bbox 1197 1167 1314 1206; x_wconf 88' lang='lat' dir='ltr'>aliam</span> <span class='ocrx_word' id='word_1_158' title='bbox 1340 1168 1583 1218; x_wconf 84' lang='lat' dir='ltr'>quampiam,</span> 
     </span>
     <span class='ocr_line' id='line_1_18' title="bbox 252 1232 1583 1273; baseline 0.001 -1"><span class='ocrx_word' id='word_1_159' title='bbox 252 1247 304 1272; x_wconf 87' lang='lat' dir='ltr'>an</span> <span class='ocrx_word' id='word_1_160' title='bbox 333 1233 498 1271; x_wconf 91' lang='lat' dir='ltr'>omnino</span> <span class='ocrx_word' id='word_1_161' title='bbox 528 1234 709 1272; x_wconf 91' lang='lat' dir='ltr'>nullam?</span> <span class='ocrx_word' id='word_1_162' title='bbox 766 1234 928 1271; x_wconf 84' lang='lat' dir='ltr'>Nullam</span> <span class='ocrx_word' id='word_1_163' title='bbox 963 1246 1048 1271; x_wconf 88' lang='lat' dir='ltr'>esse</span> <span class='ocrx_word' id='word_1_164' title='bbox 1081 1232 1280 1271; x_wconf 89' lang='lat' dir='ltr'>actionem</span> <span class='ocrx_word' id='word_1_165' title='bbox 1313 1233 1444 1272; x_wconf 89' lang='lat' dir='ltr'>dicere</span> <span class='ocrx_word' id='word_1_166' title='bbox 1473 1235 1513 1271; x_wconf 90' lang='lat' dir='ltr'>in</span> <span class='ocrx_word' id='word_1_167' title='bbox 1543 1248 1583 1273; x_wconf 91' lang='lat' dir='ltr'>re</span> 
     </span>
     <span class='ocr_line' id='line_1_19' title="bbox 253 1297 1584 1348; baseline 0.001 -12"><span class='ocrx_word' id='word_1_168' title='bbox 253 1306 334 1337; x_wconf 90' lang='lat' dir='ltr'>tam</span> <span class='ocrx_word' id='word_1_169' title='bbox 354 1298 496 1348; x_wconf 82' lang='lat' dir='ltr'>insigni</span> <span class='ocrx_word' id='word_1_170' title='bbox 516 1305 677 1348; x_wconf 87' lang='lat' dir='ltr'>tamque</span> <span class='ocrx_word' id='word_1_171' title='bbox 705 1299 826 1336; x_wconf 85' lang='lat' dir='ltr'>atroci</span> <span class='ocrx_word' id='word_1_172' title='bbox 856 1311 987 1348; x_wconf 89' lang='lat' dir='ltr'>neque</span> <span class='ocrx_word' id='word_1_173' title='bbox 1010 1297 1244 1348; x_wconf 88' lang='lat' dir='ltr'>prudentiae</span> <span class='ocrx_word' id='word_1_174' title='bbox 1271 1312 1400 1348; x_wconf 90' lang='lat' dir='ltr'>neque</span> <span class='ocrx_word' id='word_1_175' title='bbox 1420 1301 1584 1337; x_wconf 88' lang='lat' dir='ltr'>auctori-</span> 
     </span>
     <span class='ocr_line' id='line_1_20' title="bbox 253 1364 1582 1415; baseline 0.001 -12"><span class='ocrx_word' id='word_1_176' title='bbox 253 1364 343 1403; x_wconf 87' lang='lat' dir='ltr'>tatis</span> <span class='ocrx_word' id='word_1_177' title='bbox 372 1372 463 1403; x_wconf 87' lang='lat' dir='ltr'>tuae</span> <span class='ocrx_word' id='word_1_178' title='bbox 493 1371 578 1413; x_wconf 69' lang='lat' dir='ltr'>estg</span> <span class='ocrx_word' id='word_1_179' title='bbox 607 1364 682 1402; x_wconf 89' lang='lat' dir='ltr'>alia</span> <span class='ocrx_word' id='word_1_180' title='bbox 712 1364 744 1403; x_wconf 89' lang='lat' dir='ltr'>si</span> <span class='ocrx_word' id='word_1_181' title='bbox 774 1377 875 1415; x_wconf 88' lang='lat' dir='ltr'>quae</span> <span class='ocrx_word' id='word_1_182' title='bbox 904 1365 1004 1403; x_wconf 90' lang='lat' dir='ltr'>forte</span> <span class='ocrx_word' id='word_1_183' title='bbox 1033 1371 1091 1402; x_wconf 86' lang='lat' dir='ltr'>est</span> <span class='ocrx_word' id='word_1_184' title='bbox 1121 1377 1222 1414; x_wconf 90' lang='lat' dir='ltr'>quae</span> <span class='ocrx_word' id='word_1_185' title='bbox 1252 1378 1325 1402; x_wconf 87' lang='lat' dir='ltr'>nos</span> <span class='ocrx_word' id='word_1_186' title='bbox 1346 1364 1496 1415; x_wconf 88' lang='lat' dir='ltr'>fugerit,</span> <span class='ocrx_word' id='word_1_187' title='bbox 1518 1365 1582 1404; x_wconf 89' lang='lat' dir='ltr'>dic</span> 
     </span>
     <span class='ocr_line' id='line_1_21' title="bbox 191 1429 1644 1481; baseline -0.002 -12"><span class='ocrx_word' id='word_1_188' title='bbox 191 1441 232 1479; x_wconf 85' lang='lat'>38</span> <span class='ocrx_word' id='word_1_189' title='bbox 253 1444 356 1481; x_wconf 89' lang='lat' dir='ltr'>quae</span> <span class='ocrx_word' id='word_1_190' title='bbox 382 1430 459 1479; x_wconf 80' lang='lat' dir='ltr'>sit3</span> <span class='ocrx_word' id='word_1_191' title='bbox 487 1430 604 1480; x_wconf 91' lang='lat' dir='ltr'>cupio</span> <span class='ocrx_word' id='word_1_192' title='bbox 635 1429 795 1468; x_wconf 88' lang='lat' dir='ltr'>discere.</span> <span class='ocrx_word' id='word_1_193' title='bbox 858 1430 971 1468; x_wconf 88' lang='lat' dir='ltr'>Haec</span> <span class='ocrx_word' id='word_1_194' title='bbox 1001 1430 1032 1468; x_wconf 88' lang='lat' dir='ltr'>si</span> <span class='ocrx_word' id='word_1_195' title='bbox 1060 1436 1119 1468; x_wconf 87' lang='lat' dir='ltr'>est</span> <span class='ocrx_word' id='word_1_196' title='bbox 1148 1443 1226 1479; x_wconf 88' lang='lat' dir='ltr'>qua</span> <span class='ocrx_word' id='word_1_197' title='bbox 1255 1443 1327 1468; x_wconf 86' lang='lat' dir='ltr'>nos</span> <span class='ocrx_word' id='word_1_198' title='bbox 1357 1431 1416 1468; x_wconf 90' lang='lat' dir='ltr'>usi</span> <span class='ocrx_word' id='word_1_199' title='bbox 1446 1444 1582 1469; x_wconf 87' lang='lat' dir='ltr'>sumus</span> <span class='ocrx_word' id='word_1_200' title='bbox 1604 1445 1644 1467; x_wconf 90' lang='lat'>20</span> 
     </span>
     <span class='ocr_line' id='line_1_22' title="bbox 253 1494 1582 1535; baseline 0.001 -1"><span class='ocrx_word' id='word_1_201' title='bbox 253 1503 292 1534; x_wconf 91' lang='lat' dir='ltr'>te</span> <span class='ocrx_word' id='word_1_202' title='bbox 320 1495 451 1535; x_wconf 89' lang='lat' dir='ltr'>iudice</span> <span class='ocrx_word' id='word_1_203' title='bbox 471 1495 674 1534; x_wconf 86' lang='lat' dir='ltr'>vincamus</span> <span class='ocrx_word' id='word_1_204' title='bbox 696 1509 857 1534; x_wconf 86' lang='lat' dir='ltr'>necesse</span> <span class='ocrx_word' id='word_1_205' title='bbox 879 1502 947 1534; x_wconf 84' lang='lat' dir='ltr'>est.</span> <span class='ocrx_word' id='word_1_206' title='bbox 1009 1496 1102 1534; x_wconf 90' lang='lat' dir='ltr'>Non</span> <span class='ocrx_word' id='word_1_207' title='bbox 1133 1494 1240 1533; x_wconf 90' lang='lat' dir='ltr'>enim</span> <span class='ocrx_word' id='word_1_208' title='bbox 1260 1508 1396 1534; x_wconf 89' lang='lat' dir='ltr'>vereor</span> <span class='ocrx_word' id='word_1_209' title='bbox 1424 1509 1474 1534; x_wconf 92' lang='lat' dir='ltr'>ne</span> <span class='ocrx_word' id='word_1_210' title='bbox 1505 1497 1582 1535; x_wconf 96' lang='lat' dir='ltr'>hoc</span> 
     </span>
     <span class='ocr_line' id='line_1_23' title="bbox 252 1559 1579 1611; baseline 0 -11"><span class='ocrx_word' id='word_1_211' title='bbox 252 1560 371 1608; x_wconf 79' lang='lat' dir='ltr'>dicas,</span> <span class='ocrx_word' id='word_1_212' title='bbox 395 1560 435 1599; x_wconf 91' lang='lat' dir='ltr'>in</span> <span class='ocrx_word' id='word_1_213' title='bbox 456 1562 597 1600; x_wconf 84' lang='lat' dir='ltr'>eadem</span> <span class='ocrx_word' id='word_1_214' title='bbox 616 1574 735 1600; x_wconf 88' lang='lat' dir='ltr'>causa</span> <span class='ocrx_word' id='word_1_215' title='bbox 755 1561 898 1599; x_wconf 88' lang='lat' dir='ltr'>eodem</span> <span class='ocrx_word' id='word_1_216' title='bbox 926 1559 1137 1599; x_wconf 88' lang='lat' dir='ltr'>interdicto</span> <span class='ocrx_word' id='word_1_217' title='bbox 1158 1567 1196 1598; x_wconf 88' lang='lat' dir='ltr'>te</span> <span class='ocrx_word' id='word_1_218' title='bbox 1217 1567 1398 1611; x_wconf 91' lang='lat' dir='ltr'>oportere</span> <span class='ocrx_word' id='word_1_219' title='bbox 1418 1561 1579 1609; x_wconf 87' lang='lat' dir='ltr'>restitui,</span> 
     </span>
     <span class='ocr_line' id='line_1_24' title="bbox 253 1625 1582 1676; baseline 0 -10"><span class='ocrx_word' id='word_1_220' title='bbox 253 1626 467 1666; x_wconf 89' lang='lat' dir='ltr'>Caecinam</span> <span class='ocrx_word' id='word_1_221' title='bbox 494 1640 575 1665; x_wconf 88' lang='lat' dir='ltr'>non</span> <span class='ocrx_word' id='word_1_222' title='bbox 605 1634 796 1676; x_wconf 88' lang='lat' dir='ltr'>oportere.</span> <span class='ocrx_word' id='word_1_223' title='bbox 857 1626 1016 1664; x_wconf 87' lang='lat' dir='ltr'>Etenim</span> <span class='ocrx_word' id='word_1_224' title='bbox 1045 1625 1107 1664; x_wconf 92' lang='lat' dir='ltr'>cui</span> <span class='ocrx_word' id='word_1_225' title='bbox 1131 1639 1212 1664; x_wconf 88' lang='lat' dir='ltr'>non</span> <span class='ocrx_word' id='word_1_226' title='bbox 1242 1625 1493 1676; x_wconf 87' lang='lat' dir='ltr'>perspicuum</span> <span class='ocrx_word' id='word_1_227' title='bbox 1524 1635 1582 1666; x_wconf 89' lang='lat' dir='ltr'>est</span> 
     </span>
     <span class='ocr_line' id='line_1_25' title="bbox 250 1690 1577 1741; baseline 0 -11"><span class='ocrx_word' id='word_1_228' title='bbox 250 1693 302 1730; x_wconf 90' lang='lat' dir='ltr'>ad</span> <span class='ocrx_word' id='word_1_229' title='bbox 330 1691 523 1730; x_wconf 90' lang='lat' dir='ltr'>incertum</span> <span class='ocrx_word' id='word_1_230' title='bbox 554 1691 725 1729; x_wconf 87' lang='lat' dir='ltr'>revocari</span> <span class='ocrx_word' id='word_1_231' title='bbox 748 1692 864 1738; x_wconf 89' lang='lat' dir='ltr'>bona,</span> <span class='ocrx_word' id='word_1_232' title='bbox 886 1690 1075 1738; x_wconf 79' lang='lat' dir='ltr'>fortunas,</span> <span class='ocrx_word' id='word_1_233' title='bbox 1097 1690 1367 1741; x_wconf 81' lang='lat' dir='ltr'>possessiones</span> <span class='ocrx_word' id='word_1_234' title='bbox 1388 1693 1577 1739; x_wconf 87' lang='lat' dir='ltr'>omnium,</span> 
     </span>
     <span class='ocr_line' id='line_1_26' title="bbox 251 1755 1640 1806; baseline -0.001 -12"><span class='ocrx_word' id='word_1_235' title='bbox 251 1756 281 1795; x_wconf 87' lang='lat' dir='ltr'>si</span> <span class='ocrx_word' id='word_1_236' title='bbox 303 1758 381 1794; x_wconf 88' lang='lat' dir='ltr'>ulla</span> <span class='ocrx_word' id='word_1_237' title='bbox 402 1770 447 1794; x_wconf 87' lang='lat' dir='ltr'>ex</span> <span class='ocrx_word' id='word_1_238' title='bbox 468 1764 577 1806; x_wconf 86' lang='lat' dir='ltr'>parte</span> <span class='ocrx_word' id='word_1_239' title='bbox 597 1755 793 1794; x_wconf 85' lang='lat' dir='ltr'>sententia</span> <span class='ocrx_word' id='word_1_240' title='bbox 814 1755 930 1794; x_wconf 82' lang='lat' dir='ltr'>huius</span> <span class='ocrx_word' id='word_1_241' title='bbox 951 1756 1149 1794; x_wconf 87' lang='lat' dir='ltr'>interdicti</span> <span class='ocrx_word' id='word_1_242' title='bbox 1170 1756 1374 1795; x_wconf 88' lang='lat' dir='ltr'>deminuta</span> <span class='ocrx_word' id='word_1_243' title='bbox 1393 1765 1459 1796; x_wconf 87' lang='lat' dir='ltr'>aut</span> <span class='ocrx_word' id='word_1_244' title='bbox 1480 1757 1581 1796; x_wconf 84' lang='lat' dir='ltr'>infir-</span> <span class='ocrx_word' id='word_1_245' title='bbox 1603 1771 1640 1802; x_wconf 88' lang='lat'>25</span> 
     </span>
     <span class='ocr_line' id='line_1_27' title="bbox 251 1821 1580 1869; baseline 0.002 -10"><span class='ocrx_word' id='word_1_246' title='bbox 251 1829 355 1860; x_wconf 88' lang='lat' dir='ltr'>mata</span> <span class='ocrx_word' id='word_1_247' title='bbox 375 1821 434 1869; x_wconf 90' lang='lat' dir='ltr'>sit,</span> <span class='ocrx_word' id='word_1_248' title='bbox 457 1821 487 1859; x_wconf 85' lang='lat' dir='ltr'>si</span> <span class='ocrx_word' id='word_1_249' title='bbox 509 1821 740 1860; x_wconf 86' lang='lat' dir='ltr'>auctoritate</span> <span class='ocrx_word' id='word_1_250' title='bbox 761 1821 931 1859; x_wconf 84' lang='lat' dir='ltr'>virorum</span> <span class='ocrx_word' id='word_1_251' title='bbox 960 1821 1096 1859; x_wconf 87' lang='lat' dir='ltr'>talium</span> <span class='ocrx_word' id='word_1_252' title='bbox 1117 1821 1173 1859; x_wconf 90' lang='lat' dir='ltr'>vis</span> <span class='ocrx_word' id='word_1_253' title='bbox 1195 1829 1432 1861; x_wconf 87' lang='lat' dir='ltr'>armatorum</span> <span class='ocrx_word' id='word_1_254' title='bbox 1458 1824 1580 1861; x_wconf 91' lang='lat' dir='ltr'>homi-</span> 
     </span>
    </p>
   </div>
   <div class='ocr_carea' id='block_1_3' title="bbox 249 1924 1580 2313">
    <p class='ocr_par' dir='ltr' id='par_1_3' title="bbox 249 1924 1580 2313">
     <span class='ocr_line' id='line_1_28' title="bbox 293 1924 1580 1968; baseline 0.003 -12"><span class='ocrx_word' id='word_1_255' title='bbox 293 1937 313 1956; x_wconf 84' lang='lat'>2</span> <span class='ocrx_word' id='word_1_256' title='bbox 337 1926 385 1956; x_wconf 87' lang='lat' dir='ltr'>sic</span> <span class='ocrx_word' id='word_1_257' title='bbox 405 1924 585 1957; x_wconf 75' lang='lat' dir='ltr'>Garatoni:</span> <span class='ocrx_word' id='word_1_258' title='bbox 611 1926 658 1957; x_wconf 84' lang='lat' dir='ltr'>sis</span> <span class='ocrx_word' id='word_1_259' title='bbox 676 1925 762 1957; x_wconf 83' lang='lat' dir='ltr'>codd.</span> <span class='ocrx_word' id='word_1_260' title='bbox 879 1937 978 1957; x_wconf 87' lang='lat' dir='ltr'>nemo</span> <span class='ocrx_word' id='word_1_261' title='bbox 996 1927 1169 1968; x_wconf 83' lang='lat' dir='ltr'>umquam]</span> <span class='ocrx_word' id='word_1_262' title='bbox 1192 1937 1372 1968; x_wconf 76' lang='lat' dir='ltr'>numquam</span> <span class='ocrx_word' id='word_1_263' title='bbox 1395 1929 1424 1959; x_wconf 92' lang='lat' dir='ltr'><em>T</em></span> <span class='ocrx_word' id='word_1_264' title='bbox 1560 1939 1580 1968; x_wconf 87' lang='lat'><strong>3</strong></span> 
     </span>
     <span class='ocr_line' id='line_1_29' title="bbox 250 1969 1576 2011; baseline 0.002 -10"><span class='ocrx_word' id='word_1_265' title='bbox 250 1969 453 2001; x_wconf 78' lang='lat' dir='ltr'>invisitatum</span> <span class='ocrx_word' id='word_1_266' title='bbox 482 1969 589 2000; x_wconf 81' lang='lat' dir='ltr'>Halm</span> <span class='ocrx_word' id='word_1_267' title='bbox 757 1979 776 2009; x_wconf 88' lang='lat'><strong>5</strong></span> <span class='ocrx_word' id='word_1_268' title='bbox 801 1970 937 2000; x_wconf 76' lang='lat' dir='ltr'>armatis</span> <span class='ocrx_word' id='word_1_269' title='bbox 960 1970 1068 2001; x_wconf 72' lang='lat' dir='ltr'>Faber</span> <span class='ocrx_word' id='word_1_270' title='bbox 1092 1972 1144 2011; x_wconf 76' lang='lat' dir='ltr'>(cf</span> <span class='ocrx_word' id='word_1_271' title='bbox 1167 1975 1181 2009; x_wconf 66' lang='grc' dir='ltr'>ξ</span> <span class='ocrx_word' id='word_1_272' title='bbox 1201 1974 1280 2011; x_wconf 54' lang='grc' dir='ltr'>39Ή</span> <span class='ocrx_word' id='word_1_273' title='bbox 1311 1978 1460 2003; x_wconf 83' lang='lat' dir='ltr'>armatos</span> <span class='ocrx_word' id='word_1_274' title='bbox 1487 1973 1576 2004; x_wconf 79' lang='lat' dir='ltr'><em>codd.</em></span> 
     </span>
     <span class='ocr_line' id='line_1_30' title="bbox 249 2013 1578 2056; baseline 0.003 -12"><span class='ocrx_word' id='word_1_275' title='bbox 249 2015 274 2044; x_wconf 87' lang='lat'><strong>6</strong></span> <span class='ocrx_word' id='word_1_276' title='bbox 293 2023 329 2044; x_wconf 86' lang='lat' dir='ltr'>se</span> <span class='ocrx_word' id='word_1_277' title='bbox 346 2024 412 2044; x_wconf 81' lang='lat' dir='ltr'>ont.</span> <span class='ocrx_word' id='word_1_278' title='bbox 432 2013 462 2044; x_wconf 72' lang='lat'>‘⁷‘</span> <span class='ocrx_word' id='word_1_279' title='bbox 595 2024 615 2053; x_wconf 90' lang='lat'>9</span> <span class='ocrx_word' id='word_1_280' title='bbox 639 2013 843 2052; x_wconf 82' lang='lat' dir='ltr'>aequitatem</span> <span class='ocrx_word' id='word_1_281' title='bbox 861 2013 909 2043; x_wconf 77' lang='lat' dir='ltr'>c²k</span> <span class='ocrx_word' id='word_1_282' title='bbox 998 2014 1103 2045; x_wconf 84' lang='lat' dir='ltr'>uteris</span> <span class='ocrx_word' id='word_1_283' title='bbox 1126 2015 1204 2046; x_wconf 83' lang='lat' dir='ltr'>TE:</span> <span class='ocrx_word' id='word_1_284' title='bbox 1229 2016 1334 2046; x_wconf 81' lang='lat' dir='ltr'>vertis</span> <span class='ocrx_word' id='word_1_285' title='bbox 1350 2021 1415 2047; x_wconf 81' lang='lat' dir='ltr'>cett.</span> <span class='ocrx_word' id='word_1_286' title='bbox 1508 2017 1578 2056; x_wconf 86' lang='lat' dir='ltr'>qui-</span> 
     </span>
     <span class='ocr_line' id='line_1_31' title="bbox 251 2056 1577 2099; baseline 0.003 -12"><span class='ocrx_word' id='word_1_287' title='bbox 251 2057 326 2087; x_wconf 86' lang='lat' dir='ltr'>dem</span> <span class='ocrx_word' id='word_1_288' title='bbox 350 2056 425 2087; x_wconf 89' lang='lat' dir='ltr'>TE:</span> <span class='ocrx_word' id='word_1_289' title='bbox 451 2067 515 2087; x_wconf 83' lang='lat' dir='ltr'>om.</span> <span class='ocrx_word' id='word_1_290' title='bbox 535 2060 600 2087; x_wconf 77' lang='lat' dir='ltr'>cell.</span> <span class='ocrx_word' id='word_1_291' title='bbox 726 2067 764 2086; x_wconf 82' lang='lat'>12</span> <span class='ocrx_word' id='word_1_292' title='bbox 788 2067 855 2087; x_wconf 89' lang='lat' dir='ltr'>non</span> <span class='ocrx_word' id='word_1_293' title='bbox 873 2057 977 2088; x_wconf 81' lang='lat' dir='ltr'>fueris</span> <span class='ocrx_word' id='word_1_294' title='bbox 992 2068 1060 2090; x_wconf 81' lang='lat' dir='ltr'>om.</span> <span class='ocrx_word' id='word_1_295' title='bbox 1082 2058 1129 2089; x_wconf 91' lang='lat' dir='ltr'>T:</span> <span class='ocrx_word' id='word_1_296' title='bbox 1155 2069 1219 2090; x_wconf 88' lang='lat' dir='ltr'>non</span> <span class='ocrx_word' id='word_1_297' title='bbox 1237 2060 1302 2090; x_wconf 84' lang='lat' dir='ltr'>eris</span> <span class='ocrx_word' id='word_1_298' title='bbox 1320 2060 1419 2090; x_wconf 76' lang='lat' dir='ltr'>Klotz</span> <span class='ocrx_word' id='word_1_299' title='bbox 1540 2071 1577 2099; x_wconf 83' lang='lat'>13</span> 
     </span>
     <span class='ocr_line' id='line_1_32' title="bbox 249 2100 1575 2141; baseline 0.003 -11"><span class='ocrx_word' id='word_1_300' title='bbox 249 2106 381 2131; x_wconf 83' lang='lat' dir='ltr'>tuorum</span> <span class='ocrx_word' id='word_1_301' title='bbox 398 2100 535 2139; x_wconf 86' lang='lat' dir='ltr'>quidem</span> <span class='ocrx_word' id='word_1_302' title='bbox 558 2100 634 2132; x_wconf 89' lang='lat' dir='ltr'>TE:</span> <span class='ocrx_word' id='word_1_303' title='bbox 664 2101 799 2140; x_wconf 84' lang='lat' dir='ltr'>quidem</span> <span class='ocrx_word' id='word_1_304' title='bbox 818 2105 950 2131; x_wconf 88' lang='lat' dir='ltr'>tuorum</span> <span class='ocrx_word' id='word_1_305' title='bbox 970 2105 1036 2132; x_wconf 82' lang='lat' dir='ltr'>cett.</span> <span class='ocrx_word' id='word_1_306' title='bbox 1146 2113 1184 2141; x_wconf 86' lang='lat'>14</span> <span class='ocrx_word' id='word_1_307' title='bbox 1209 2103 1377 2134; x_wconf 81' lang='lat' dir='ltr'>adservati</span> <span class='ocrx_word' id='word_1_308' title='bbox 1394 2103 1439 2134; x_wconf 86' lang='lat' dir='ltr'>ed.</span> <span class='ocrx_word' id='word_1_309' title='bbox 1459 2103 1491 2134; x_wconf 80' lang='lat' dir='ltr'><em>R</em></span> <span class='ocrx_word' id='word_1_310' title='bbox 1508 2116 1514 2134; x_wconf 83' lang='lat' dir='ltr'><strong><em>z</em></strong></span> <span class='ocrx_word' id='word_1_311' title='bbox 1539 2115 1575 2135; x_wconf 89' lang='lat' dir='ltr'>ae</span> 
     </span>
     <span class='ocr_line' id='line_1_33' title="bbox 252 2143 1576 2187; baseline 0.004 -14"><span class='ocrx_word' id='word_1_312' title='bbox 252 2146 331 2184; x_wconf 86' lang='lat' dir='ltr'>(om.</span> <span class='ocrx_word' id='word_1_313' title='bbox 351 2154 389 2174; x_wconf 86' lang='lat' dir='ltr'>ac</span> <span class='ocrx_word' id='word_1_314' title='bbox 407 2144 452 2184; x_wconf 72' lang='grc' dir='ltr'>ς’)</span> <span class='ocrx_word' id='word_1_315' title='bbox 469 2145 594 2176; x_wconf 80' lang='lat' dir='ltr'>servati</span> <span class='ocrx_word' id='word_1_316' title='bbox 614 2146 761 2185; x_wconf 81' lang='lat' dir='ltr'>(reserv-</span> <span class='ocrx_word' id='word_1_317' title='bbox 785 2144 826 2183; x_wconf 88' lang='lat' dir='ltr'>T)</span> <span class='ocrx_word' id='word_1_318' title='bbox 845 2143 934 2176; x_wconf 82' lang='lat' dir='ltr'>codd.</span> <span class='ocrx_word' id='word_1_319' title='bbox 1111 2156 1148 2185; x_wconf 87' lang='lat'>15</span> <span class='ocrx_word' id='word_1_320' title='bbox 1174 2148 1374 2186; x_wconf 83' lang='lat' dir='ltr'>proterritus</span> <span class='ocrx_word' id='word_1_321' title='bbox 1397 2147 1453 2178; x_wconf 88' lang='lat' dir='ltr'>TE</span> <span class='ocrx_word' id='word_1_322' title='bbox 1471 2160 1477 2178; x_wconf 72' lang='grc' dir='ltr'><strong><em>ε</em></strong></span> <span class='ocrx_word' id='word_1_323' title='bbox 1502 2158 1576 2187; x_wconf 80' lang='lat' dir='ltr'>per-</span> 
     </span>
     <span class='ocr_line' id='line_1_34' title="bbox 249 2187 1576 2230; baseline 0.002 -12"><span class='ocrx_word' id='word_1_324' title='bbox 249 2188 387 2218; x_wconf 80' lang='lat' dir='ltr'>territus</span> <span class='ocrx_word' id='word_1_325' title='bbox 410 2192 474 2220; x_wconf 70' lang='lat' dir='ltr'><em>cell.</em></span> <span class='ocrx_word' id='word_1_326' title='bbox 615 2198 653 2228; x_wconf 90' lang='lat'>19</span> <span class='ocrx_word' id='word_1_327' title='bbox 677 2188 789 2228; x_wconf 86' lang='lat' dir='ltr'>aliqua</span> <span class='ocrx_word' id='word_1_328' title='bbox 813 2187 842 2218; x_wconf 90' lang='lat' dir='ltr'><em>T</em></span> <span class='ocrx_word' id='word_1_329' title='bbox 970 2199 1012 2228; x_wconf 86' lang='lat'>23</span> <span class='ocrx_word' id='word_1_330' title='bbox 1037 2199 1105 2220; x_wconf 90' lang='lat' dir='ltr'>non</span> <span class='ocrx_word' id='word_1_331' title='bbox 1123 2191 1338 2229; x_wconf 83' lang='lat' dir='ltr'>perspicuum</span> <span class='ocrx_word' id='word_1_332' title='bbox 1361 2190 1475 2222; x_wconf 86' lang='lat' dir='ltr'><em>PTE:</em></span> <span class='ocrx_word' id='word_1_333' title='bbox 1501 2202 1576 2230; x_wconf 88' lang='lat' dir='ltr'>per-</span> 
     </span>
     <span class='ocr_line' id='line_1_35' title="bbox 251 2231 1576 2273; baseline 0.002 -12"><span class='ocrx_word' id='word_1_334' title='bbox 251 2231 404 2270; x_wconf 86' lang='lat' dir='ltr'>spicuum</span> <span class='ocrx_word' id='word_1_335' title='bbox 429 2242 497 2262; x_wconf 89' lang='lat' dir='ltr'>non</span> <span class='ocrx_word' id='word_1_336' title='bbox 523 2235 587 2263; x_wconf 79' lang='lat' dir='ltr'>cett.</span> <span class='ocrx_word' id='word_1_337' title='bbox 723 2236 773 2262; x_wconf 86' lang='lat' dir='ltr'>est</span> <span class='ocrx_word' id='word_1_338' title='bbox 798 2231 848 2263; x_wconf 85' lang='lat' dir='ltr'>P:</span> <span class='ocrx_word' id='word_1_339' title='bbox 876 2232 920 2263; x_wconf 86' lang='lat' dir='ltr'>sit</span> <span class='ocrx_word' id='word_1_340' title='bbox 944 2236 1008 2263; x_wconf 78' lang='lat' dir='ltr'>cell.</span> <span class='ocrx_word' id='word_1_341' title='bbox 1167 2244 1207 2272; x_wconf 82' lang='lat'>24</span> <span class='ocrx_word' id='word_1_342' title='bbox 1234 2234 1469 2273; x_wconf 79' lang='lat' dir='ltr'>possessiones</span> <span class='ocrx_word' id='word_1_343' title='bbox 1493 2234 1576 2266; x_wconf 63' lang='lat'>1³5:</span> 
     </span>
     <span class='ocr_line' id='line_1_36' title="bbox 251 2275 1574 2313; baseline 0.002 -9"><span class='ocrx_word' id='word_1_344' title='bbox 251 2275 478 2313; x_wconf 79' lang='lat' dir='ltr'>possessionis</span> <span class='ocrx_word' id='word_1_345' title='bbox 495 2278 561 2306; x_wconf 81' lang='lat' dir='ltr'>cell.</span> <span class='ocrx_word' id='word_1_346' title='bbox 712 2284 752 2313; x_wconf 87' lang='lat'>25</span> <span class='ocrx_word' id='word_1_347' title='bbox 777 2276 899 2306; x_wconf 87' lang='lat' dir='ltr'>demin.</span> <span class='ocrx_word' id='word_1_348' title='bbox 923 2275 968 2308; x_wconf 89' lang='lat' dir='ltr'>T:</span> <span class='ocrx_word' id='word_1_349' title='bbox 995 2277 1108 2308; x_wconf 87' lang='lat' dir='ltr'>dimin.</span> <span class='ocrx_word' id='word_1_350' title='bbox 1128 2280 1193 2308; x_wconf 76' lang='lat' dir='ltr'>cett.</span> <span class='ocrx_word' id='word_1_351' title='bbox 1359 2279 1401 2309; x_wconf 84' lang='lat'>26</span> <span class='ocrx_word' id='word_1_352' title='bbox 1424 2279 1451 2309; x_wconf 82' lang='lat' dir='ltr'>si</span> <span class='ocrx_word' id='word_1_353' title='bbox 1470 2277 1524 2310; x_wconf 86' lang='lat' dir='ltr'>P:</span> <span class='ocrx_word' id='word_1_354' title='bbox 1548 2278 1574 2308; x_wconf 87' lang='lat' dir='ltr'>si</span> 
     </span>
    </p>
   </div>
   <div class='ocr_carea' id='block_1_4' title="bbox 254 2317 962 2357">
    <p class='ocr_par' dir='ltr' id='par_1_4' title="bbox 254 2317 962 2357">
     <span class='ocr_line' id='line_1_37' title="bbox 254 2317 962 2357; baseline 0.006 -11"><span class='ocrx_word' id='word_1_355' title='bbox 254 2318 305 2357; x_wconf 69' lang='lat' dir='ltr'>{se</span> <span class='ocrx_word' id='word_1_356' title='bbox 328 2318 369 2353; x_wconf 74' lang='lat' dir='ltr'>T)</span> <span class='ocrx_word' id='word_1_357' title='bbox 390 2318 420 2348; x_wconf 84' lang='lat' dir='ltr'>in</span> <span class='ocrx_word' id='word_1_358' title='bbox 441 2322 503 2351; x_wconf 80' lang='lat' dir='ltr'>cell.</span> <span class='ocrx_word' id='word_1_359' title='bbox 598 2319 646 2349; x_wconf 73' lang='lat' dir='ltr'>vis</span> <span class='ocrx_word' id='word_1_360' title='bbox 665 2317 803 2349; x_wconf 66' lang='lat' dir='ltr'>PeM½2</span> <span class='ocrx_word' id='word_1_361' title='bbox 828 2319 878 2349; x_wconf 80' lang='lat' dir='ltr'>ius</span> <span class='ocrx_word' id='word_1_362' title='bbox 897 2323 962 2351; x_wconf 78' lang='lat' dir='ltr'>cett.</span> 
     </span>
    </p>
   </div>
  </div>
 </body>
</html>
