1716 2662
115 442 133 474 5

464 59 572 96 PRO
603 61 647 96 C.
682 58 919 96 RABIRIO
951 57 1169 95 ORATIO
1454 67 1479 105 3

153 183 309 209 crucem
345 171 394 209 de
429 183 570 220 campo
605 168 835 207 sustulisse?
892 169 969 208 Sed
1004 168 1077 207 ista
1105 170 1189 220 laus
1223 168 1392 219 primum
1423 176 1481 207 est

155 235 345 274 maiorum
380 242 614 281 nostrorum,
645 233 828 282 Quirites,
859 234 924 284 qui
953 233 1122 284 expulsis
1146 233 1301 284 regibus
1329 235 1479 272 nullum

154 299 192 338 in
224 300 346 339 libero
376 301 525 349 populo
554 298 759 349 vestigium
793 299 1034 338 crudelitatis
1064 298 1191 348 regiae
1225 299 1479 346 retinuerunt,

154 364 299 403 deinde
329 366 542 403 multorum
573 364 742 403 virorum
774 363 931 402 fortium
967 363 1032 414 qui
1063 371 1231 402 vestram
1261 364 1480 403 libertatem

154 443 235 468 non
265 430 478 468 acerbitate
517 428 798 480 suppliciorum
833 428 1012 468 infestam
1046 431 1115 468 sed
1154 429 1313 469 lenitate
1351 431 1480 480 legum

103 522 107 525 -
154 496 345 533 munitam
367 509 452 534 esse
472 496 689 533 voluerunt.

98 774 136 795 10

97 1097 135 1131 ¹5

98 1423 138 1445 20

101 2075 140 2106 30

209 561 340 609 Quam
368 561 422 599 ob
449 574 531 599 rem
553 567 639 598 uter
662 568 840 600 nostrum
868 561 1040 608 tandem,
1069 559 1254 608 Labiene,
1284 559 1482 611 popularis
1503 543 1529 581 4

154 634 223 673 est,
246 633 340 664 tune
370 624 438 676 qui
459 625 610 664 civibus
639 625 832 664 Romanis
860 625 899 663 in
926 624 1112 664 contione
1139 625 1223 676 ipsa
1245 626 1483 672 carnificem,

155 690 221 740 qui
252 690 382 729 vincla
411 689 590 729 adhiberi
619 698 733 740 putas
768 698 957 740 oportere,
996 690 1063 740 qui
1093 689 1131 728 in
1161 703 1303 740 campo
1339 689 1484 728 Martio

154 755 323 795 comitiis
357 755 582 795 centuriatis
617 755 820 806 auspicato
859 756 898 794 in
938 757 1026 794 loco
1065 769 1220 794 crucem
1254 756 1305 794 ad
1340 754 1484 793 civium

155 822 392 874 supplicium
423 821 541 872 defigi
575 829 613 860 et
643 821 830 860 constitui
864 821 986 868 iubes,
1018 835 1067 859 an
1100 834 1172 870 ego
1204 820 1271 870 qui
1300 818 1486 858 funestari

155 887 383 926 contionem
408 885 643 937 contagione
667 886 860 925 carnificis
881 894 984 934 veto,
1005 885 1071 936 qui
1099 885 1337 935 expiandum
1359 886 1484 923 forum

155 952 291 1003 populi
324 951 497 990 Romani
527 952 577 990 ab
608 950 681 990 illis
713 951 849 990 nefarii
880 950 1035 989 sceleris
1065 950 1233 1001 vestigiis
1268 963 1352 989 esse
1381 949 1482 995 dico,

156 1017 223 1069 qui
278 1025 424 1056 castam
478 1016 717 1064 contionem,
771 1024 950 1055 sanctum
1003 1029 1198 1066 campum,
1254 1015 1485 1054 inviolatum

156 1097 297 1134 corpus
319 1083 497 1121 omnium
519 1082 663 1121 civium
692 1084 975 1128 Romanorum,
1000 1081 1191 1131 integrum
1219 1079 1278 1119 ius
1299 1079 1486 1119 libertatis

155 1150 328 1188 defendo
373 1148 512 1186 servari
559 1149 768 1198 oportere?
840 1145 1043 1197 Popularis
1083 1159 1174 1184 vero
1214 1145 1393 1184 tribunus
1433 1147 1482 1196 pl.

155 1222 288 1253 custos
327 1215 590 1262 defensorque
630 1212 722 1250 iuris
761 1219 798 1250 et
833 1210 1044 1250 libertatis!
1102 1210 1240 1249 Porcia
1271 1212 1331 1249 lex
1362 1210 1485 1260 virgas

154 1280 204 1318 ab
253 1278 430 1318 omnium
483 1277 627 1316 civium
680 1279 953 1315 Romanorum
1001 1289 1164 1326 corpore
1213 1275 1372 1323 amovit,
1422 1275 1486 1313 hic

156 1345 374 1384 misericors
407 1345 558 1395 flagella
597 1343 768 1390 rettulit;
815 1342 954 1381 Porcia
991 1344 1052 1381 lex
1090 1341 1308 1380 libertatem
1342 1340 1486 1379 civium

156 1410 282 1450 lictori
310 1409 461 1460 eripuit,
487 1409 697 1456 Labienus,
722 1410 844 1447 homo
874 1407 1085 1458 popularis,
1107 1406 1278 1445 carnifici
1305 1406 1488 1453 tradidit;

157 1478 201 1517 C.
233 1477 434 1515 Gracchus
465 1477 591 1524 legem
622 1473 709 1512 tulit
736 1488 785 1512 ne
813 1474 862 1512 de
892 1473 1018 1523 capite
1046 1472 1189 1511 civium
1215 1474 1485 1510 Romanorum

157 1543 307 1582 iniussu
339 1550 466 1581 vestro
500 1541 746 1588 iudicaretur,
783 1539 846 1578 hic
887 1538 1084 1590 popularis
1123 1552 1145 1576 a
1184 1536 1305 1576 11viris
1337 1536 1485 1575 iniussu

157 1617 285 1648 vestro
324 1622 405 1646 non
444 1606 606 1646 iudicari
646 1608 696 1645 de
735 1605 818 1644 cive
854 1606 1038 1644 Romano
1077 1604 1147 1643 sed
1185 1601 1333 1641 indicta
1369 1614 1487 1640 causa

158 1675 283 1713 civem
308 1676 534 1713 Romanum
559 1672 695 1724 capitis
717 1669 971 1711 condemnari
993 1668 1130 1718 coegit.
1172 1670 1234 1706 Tu
1252 1665 1347 1705 mihi
1368 1666 1485 1705 etiam

158 1739 253 1789 legis
282 1740 453 1787 Porciae,
478 1748 519 1778 tu
549 1741 593 1779 C.
627 1736 807 1784 (rlracchi,
834 1744 874 1774 tu
905 1736 1045 1773 horum
1075 1732 1272 1779 libertatis,
1297 1739 1337 1769 tu
1363 1730 1488 1769 cuius-

159 1820 277 1856 quam
306 1805 478 1856 denique
499 1804 671 1843 hominis
702 1801 899 1854 popularis
921 1799 1164 1838 mentionem
1191 1797 1295 1844 facis,
1320 1796 1386 1846 qui
1407 1810 1486 1834 non

159 1872 279 1910 modo
312 1870 512 1922 suppliciis
544 1869 747 1908 invisitatis
777 1869 846 1907 sed
877 1866 994 1905 etiam
1021 1865 1229 1904 verborum
1259 1861 1487 1901 crudelitate

158 1936 333 1976 inaudita
354 1936 497 1975 violare
514 1936 733 1974 libertatern
754 1933 869 1972 huius
891 1931 1038 1983 populi,
1057 1937 1246 1979 temptare
1268 1934 1488 1965 mansuetu-

159 2002 304 2049 dinem,
329 2009 572 2040 commutare
599 1999 847 2050 disciplinam
869 2004 1033 2036 conatus
1055 1997 1125 2034 es?
1182 1995 1366 2043 Namque
1390 1993 1487 2030 haec

160 2074 235 2114 tua,
253 2081 353 2117 quae
375 2074 424 2114 te,
448 2065 651 2105 hominem
674 2066 909 2103 clementem
929 2062 1250 2112 popularemque,
1275 2059 1486 2104 delectant,

208 2182 220 2202 1
247 2170 458 2202 sustulissem
477 2169 646 2209 ptfflmpstqb
790 2177 829 2198 10
855 2165 990 2206 civium]
1010 2175 1036 2196 c.
1056 2163 1223 2203 Oulflmozp
1373 2171 1408 2200 13
1432 2171 1488 2191 ne-

163 2215 233 2245 farii
251 2215 290 2245 k:
317 2214 453 2244 nefariis
471 2217 535 2244 cell.
673 2213 710 2242 18
736 2211 968 2241 Romanorum
987 2219 1051 2239 om.
1071 2209 1109 2238 52¹
1232 2215 1271 2246 19
1296 2205 1409 2236 retulit
1426 2204 1493 2235 mei

162 2269 202 2288 22
228 2258 411 2288 duumviris
440 2256 554 2287 codd:
580 2257 620 2295 cf.
647 2255 742 2285 Rull.
768 2255 801 2285 ii.
826 2265 868 2295 93
1001 2263 1040 2292 27
1067 2251 1234 2282 inusitatis
1261 2248 1371 2281 codd:
1408 2258 1486 2279 corr.

162 2301 290 2340 Kayser
375 2301 550 2331 verberum
563 2299 656 2330 nfflst
776 2309 818 2338 29
842 2296 1004 2338 namque]
1022 2307 1096 2327 naui
1113 2295 1139 2326 c¹

1503 72 1542 94 10

1509 602 1542 626 11

1510 1679 1550 1712 ιε
