1747 2620
180 101 235 139 39

192 344 233 385 98

189 1336 230 1368 99

173 1693 229 1730 40

172 1753 230 1775 100

256 107 297 140 97
621 93 676 130 M.
709 94 877 130 TVLLI
911 93 1219 131 (trrfssaoms

256 202 438 242 manibus
483 201 726 250 extorsimus,
768 202 973 254 imperitae
1010 202 1273 241 multitudinis
1311 202 1460 243 iudicio
1496 217 1591 244 con-

255 268 426 316 fidimus,
447 267 749 306 lectissimorum
775 268 919 306 civium
948 275 986 306 et
1012 267 1344 318 amplissimorum
1372 268 1589 309 sententias

254 332 590 384 pertimescimus!
641 334 706 371 M‘.
732 333 936 383 Aquilium
957 341 1085 382 patres
1107 333 1228 371 nostri
1250 333 1381 371 multis
1406 333 1590 372 avaritiae

254 397 483 436 criminibus
523 397 837 448 testimoniisque
876 397 1112 445 convictum,
1156 397 1248 448 quia
1287 412 1379 437 cum
1418 398 1588 449 fugitivis

255 463 402 502 fortiter
431 463 578 501 bellum
608 471 788 513 gesserat,
822 462 970 502 iudicio
1000 463 1272 502 liberaverunt.
1334 464 1485 503 Consul
1512 477 1588 514 ego
1609 479 1627 511 5

253 543 377 579 nuper
408 528 567 567 defendi
605 529 649 568 C.
685 528 897 577 Pisonem,
942 528 1020 579 qui,
1054 528 1147 579 quia
1182 530 1321 567 consul
1355 529 1464 568 fortis
1498 542 1589 567 con-

253 602 439 644 stansque
478 595 611 641 suerat,
655 593 863 632 incolumis
903 601 961 632 est
1000 593 1053 632 rei
1093 593 1274 644 publicae
1322 602 1584 634 conservatus

254 659 423 698 Defendi
456 659 549 698 item
582 660 720 697 consul
752 661 795 697 L.
829 661 1051 706 Murenam,
1086 661 1290 698 consulem
1324 660 1583 711 designatum.

253 726 384 764 Nemo
414 725 568 763 illorum
600 724 775 763 iudicum
806 724 1029 763 clarissimis
1054 725 1143 763 viris
1173 725 1450 764 accusantibus
1479 726 1587 765 audi-

252 793 399 830 endum
435 791 508 830 sibi
544 792 594 830 de
626 791 778 829 ambitu
813 791 973 841 putavit,
1007 805 1096 829 cum
1134 792 1279 829 bellum
1315 792 1392 830 iam
1427 800 1586 842 gerente
1609 808 1647 830 ιο

252 856 421 896 Catilina
438 870 576 895 omnes
599 870 662 895 me
682 863 842 895 auctore
859 857 960 895 duos
978 858 1160 895 consules
1180 857 1372 896 Kalendis
1395 858 1586 896 Ianuariis

250 922 394 960 scirent
423 935 509 961 esse
538 929 729 973 oportere.
791 923 991 960 Innocens
1021 929 1059 961 et
1090 922 1218 961 bonus
1248 922 1304 961 vir
1333 930 1371 961 et
1401 923 1586 962 omnibus

250 988 366 1027 rebus
397 996 556 1026 ornatus
586 987 645 1026 bis
677 989 753 1026 hoc
782 1001 888 1026 anno
918 1001 982 1027 me
1012 989 1252 1027 defendente
1281 989 1485 1027 absolutus
1514 996 1584 1036 est,

251 1056 297 1093 A.
335 1055 542 1093 Thermus.
615 1055 775 1103 Quanta
810 1052 863 1092 rei
896 1053 1078 1104 publicae
1118 1067 1236 1092 causa
1267 1053 1413 1092 laetitia
1450 1053 1587 1104 populi

252 1119 434 1166 Romani,
468 1127 615 1170 quanta
643 1118 850 1169 gratulatio
881 1126 1094 1157 consecuta
1123 1122 1208 1158 est!
1257 1121 1420 1169 Semper
1452 1133 1586 1170 graves
1610 1133 1646 1166 15

251 1193 288 1224 et
310 1185 505 1236 sapientes
527 1184 677 1224 iudices
698 1184 737 1223 in
754 1185 870 1223 rebus
892 1184 1114 1223 iudicandis
1132 1184 1228 1235 quid
1245 1185 1390 1223 utilitas
1407 1185 1583 1234 civitatis,

251 1250 347 1301 quid
368 1252 591 1290 communis
619 1252 732 1297 salus,
757 1249 853 1300 quid
882 1249 934 1288 rei
958 1249 1139 1300 publicae
1165 1258 1343 1301 tempora
1364 1258 1582 1301 poscerent,

251 1316 529 1367 cogitaverunt.
591 1317 694 1356 Cum
723 1316 869 1354 tabella
898 1315 1010 1354 vobis
1041 1315 1208 1363 dabitur,
1237 1315 1396 1363 iudices,
1424 1329 1504 1354 non
1535 1318 1586 1355 de

252 1384 394 1421 Flacco
429 1381 585 1421 dabitur
619 1383 757 1428 solum,
792 1380 950 1419 dabitur
986 1381 1037 1419 de
1072 1380 1240 1419 ducibus
1280 1381 1586 1432 auctoribusque

251 1448 543 1487 conservandae
573 1446 749 1494 civitatis,
783 1446 940 1485 dabitur
974 1447 1024 1484 de
1058 1445 1244 1484 omnibus
1277 1446 1391 1485 bonis
1422 1447 1583 1496 civibus,
1607 1462 1647 1486 20

251 1514 407 1552 dabitur
427 1514 477 1552 de
497 1512 691 1551 vobismet
719 1512 824 1562 ipsis,
849 1511 1005 1550 dabitur
1026 1513 1077 1550 de
1102 1511 1232 1550 liberis
1254 1512 1400 1560 vestris,
1424 1514 1474 1551 de
1495 1513 1582 1560 vita,

250 1581 301 1619 de
327 1578 458 1630 patria,
483 1579 533 1617 de
559 1579 683 1616 salute
705 1576 918 1616 communi.
981 1578 1074 1615 Non
1097 1576 1277 1615 iudicatis
1306 1576 1344 1615 in
1366 1578 1439 1616 hac
1469 1591 1586 1617 causa

250 1647 300 1684 de
330 1644 467 1683 exteris
499 1643 736 1689 nationibus,
771 1656 851 1681 non
888 1644 938 1682 de
974 1642 1113 1689 sociis;
1159 1644 1209 1682 de
1243 1643 1354 1682 vobis
1386 1651 1503 1694 atque
1535 1645 1585 1683 de

249 1718 374 1750 vestra
395 1724 434 1749 re
454 1709 613 1760 publica
634 1708 825 1747 iudicatis.
891 1709 1012 1757 Quod
1036 1708 1066 1747 si
1088 1708 1376 1758 provinciarum
1398 1723 1466 1748 vos
1488 1709 1585 1748 ratio

249 1777 371 1827 magis
401 1782 532 1814 movet
558 1787 676 1825 quam
698 1781 835 1821 vestra,
860 1787 934 1824 ego
956 1787 1048 1813 vero
1077 1787 1157 1812 non
1185 1775 1307 1813 modo
1337 1788 1417 1812 non
1447 1788 1585 1813 recuso
1607 1792 1644 1824 25

249 1844 319 1881 sed
348 1841 464 1880 etiam
494 1841 652 1891 postulo
682 1847 724 1878 ut
756 1839 1044 1890 provinciarum
1074 1839 1304 1878 auctoritate
1333 1839 1581 1879 moveamini.

251 1907 407 1947 Etenim
453 1919 702 1956 opponemus
742 1906 860 1944 Asiae
910 1904 1134 1956 provinciae
1182 1905 1351 1955 primum
1400 1919 1581 1955 magnam

249 1981 397 2025 partem
419 1973 596 2012 eiusdem
618 1973 843 2024 provinciae
866 1985 966 2022 quae
989 1984 1058 2020 pro
1083 1970 1198 2008 huius
1226 1970 1406 2021 periculis
1435 1972 1582 2021 legatos

248 2041 549 2090 laudatoresque
589 2039 704 2087 misit,
748 2038 892 2077 deinde
932 2035 1172 2087 provinciam
1213 2035 1391 2082 Galliam,
1429 2035 1582 2086 provin-

247 2106 348 2146 ciam
377 2105 569 2154 Ciliciam,
585 2106 825 2156 prow'ncz'am
856 2101 1104 2153 Hispaniam,
1128 2101 1368 2151 provinciam
1397 2102 1553 2141 Cretam
1570 2115 1580 2149 3
1600 2115 1643 2148 30

291 2222 310 2250 3
337 2211 379 2242 M.
399 2210 487 2242 codd.
506 2223 513 2241 ι
543 2221 621 2242 corr.
644 2208 822 2240 Manutius
957 2215 994 2244 14
1020 2205 1059 2236 Λ.
1079 2204 1244 2235 Thermus
1262 2204 1307 2235 cd.
1328 2204 1382 2236 R:
1409 2205 1581 2236 athermus

249 2255 305 2287 Σὸῑ
321 2267 327 2285 :
352 2256 501 2286 thermus
519 2258 584 2286 cell.
731 2263 768 2292 15
794 2249 972 2290 gratulatio
990 2254 1188 2279 conservata
1207 2252 1230 2279 Σ
1249 2248 1486 2287 (gratulatione
1503 2259 1580 2279 con-

248 2304 403 2329 servatus
422 2303 444 2330 Σ
462 2300 547 2339 ηις.)
726 2307 768 2326 20
794 2294 922 2325 civibus
946 2293 1045 2322 bonis
1068 2291 1223 2322 omnibus
1240 2291 1276 2323 b:
1310 2291 1404 2323 bonis
1425 2292 1580 2323 omnibus

249 2343 397 2373 Faernus
560 2352 600 2381 23
625 2345 724 2380 atque
749 2340 790 2370 de
816 2342 858 2369 Σι
884 2347 921 2368 ac
949 2337 990 2366 de
1015 2335 1052 2365 b:
1085 2345 1122 2366 ac
1154 2336 1232 2374 χςε
1267 2340 1300 2366 et
1325 2336 1366 2366 de
1390 2335 1580 2367 Lambinus

249 2398 290 2426 29
314 2387 435 2417 deinde
462 2385 541 2416 Effl:
581 2386 714 2415 demum
745 2386 810 2413 cett.
1011 2388 1054 2417 30
1078 2378 1285 2419 provinciam
1320 2378 1520 2419 Hispaniam
1545 2380 1575 2420 k,

249 2431 433 2471 Angelius:
467 2429 667 2469 Hispaniam
686 2429 751 2458 cell.
