1716 2662
151 476 168 508 5

131 801 170 824 10

126 1455 167 1478 20

343 89 464 128 PRO.
497 89 540 128 c.
577 90 814 128 RABIRIO
849 90 1111 129 POSTVMO
1143 92 1361 131 ORATIO
1477 101 1520 139 13
1540 104 1578 140 37

192 199 362 250 intellegi
385 200 496 238 facile
518 200 649 250 possit,
674 201 781 250 quod
804 214 849 237 ex
871 214 916 238 ca
942 201 1110 250 pecunia
1137 215 1239 251 quae
1267 203 1317 239 ad
1347 202 1519 252 aliquem

191 278 299 303 reum
339 265 404 315 qui
444 266 653 303 damnatus
691 272 749 302 est
787 267 954 312 was-scs,
994 266 1217 315 pervenisse
1257 267 1307 304 ad
1347 266 1518 316 aliquem

191 329 229 368 in
252 330 316 368 illo
338 329 464 380 primo
485 329 631 367 iudicio
651 330 812 380 planum
834 331 979 368 sactum
1002 330 1059 377 sit,
1081 331 1119 369 id
1141 332 1217 369 hoc
1236 345 1378 381 genere
1399 331 1516 370 iudici

190 395 309 445 redigi
332 396 465 433 solere.
510 396 628 433 Nunc
649 408 741 434 vero
761 394 857 445 quid
878 394 1034 445 agitur?
1063 395 1129 434 ubi
1152 403 1338 434 terrarum
1360 399 1519 435 sumus?

191 460 286 510 quid
316 468 395 498 tam
427 473 662 510 perversum,
684 466 762 497 lam
793 468 1088 510 praeposterum
1116 460 1194 499 dici
1221 468 1288 499 aut
1308 461 1517 511 excogitari

190 526 350 576 potest?
382 527 600 563 Accusatur
620 524 650 562 is
672 524 739 575 qui
759 538 839 563 non
857 525 1017 564 abstulit
1036 539 1059 564 a
1080 539 1178 576 rege,
1203 526 1303 564 sicut
1325 526 1518 565 Gabinius
1538 530 1578 570 38

189 590 383 629 iudicatus
417 598 485 637 est,
523 590 592 628 sed
628 589 694 640 qui
729 589 940 628 maximam
975 590 1054 641 regi
1089 590 1298 641 pecuniam
1338 592 1514 630 credidit.

191 656 294 705 Ergo
316 655 346 693 is
368 654 539 694 Gabinio
560 654 670 693 dedit
686 654 752 705 qui
774 668 854 693 non
875 655 967 694 huie
988 656 1172 695 reddidit.
1224 658 1370 695 Itane?
1417 659 1515 707 Age,
1570 650 1573 652 ’

189 721 300 765 cedo,
323 732 412 758 cum
440 719 471 758 is
501 719 567 769 qui
597 718 806 769 pecuniam
837 721 1027 758 Postumo
1057 720 1195 759 debuit
1220 735 1300 759 non
1321 721 1423 768 huic,
1447 723 1517 760 sed

190 784 361 824 Gabinio
376 785 538 831 dederit,
558 785 825 822 condemnato
842 784 1013 823 Gabinio
1030 792 1159 823 utrum
1176 785 1228 823 illi
1244 798 1325 835 quo
1342 799 1387 823 ea
1402 799 1518 836 pecu-

188 850 253 889 nia
263 850 484 901 pervenerit
501 862 551 887 an
573 848 664 887 huic
685 848 855 887 dicenda
871 863 988 888 causa
1002 852 1083 888 est?
1131 852 1184 887 At
1206 850 1324 888 habet
1346 858 1383 888 et
1403 852 1514 890 celat.
1536 862 1579 898 14

188 917 286 953 Sunt
320 914 424 953 enim
464 914 530 964 qui
565 914 618 952 ita
656 915 878 964 loquantur.
949 915 1070 963 Quod
1104 929 1227 965 genus
1261 917 1422 954 tandem
1458 925 1515 955 est

187 980 291 1019 istud
311 979 584 1018 ostentationis
605 987 642 1018 et
663 979 839 1030 gloriae?
895 981 934 1018 Si
964 979 1061 1018 nihil
1088 980 1288 1019 habuisset
1312 994 1512 1031 umquam,

187 1054 332 1093 tamen,
353 1045 383 1083 si
405 1045 631 1095 quaesisset,
673 1059 741 1083 cur
768 1059 808 1084 se
829 1044 1091 1084 dissimularet
1112 1046 1258 1084 habere
1287 1059 1404 1085 causa
1433 1060 1515 1085 non

186 1119 297 1149 esset.
358 1112 438 1159 Qui
459 1123 550 1149 vero
571 1111 652 1148 duo
672 1112 777 1149 lauta
798 1119 835 1149 et
856 1112 1018 1161 copiosa
1038 1111 1273 1162 patrimonia
1299 1112 1515 1163 accepisset

186 1190 347 1226 remque
368 1183 566 1225 praeterea
587 1175 702 1214 bonis
724 1184 761 1215 et
782 1178 958 1215 honestis
978 1177 1195 1216 rationibus
1216 1179 1396 1225 auxisset,
1419 1180 1515 1229 quid

185 1249 286 1280 esset
307 1242 467 1280 tandem
489 1254 630 1280 causae
651 1255 719 1280 cur
738 1242 948 1280 existimari
969 1244 1085 1281 vellet
1106 1242 1202 1280 nihil
1225 1243 1399 1282 habere?
1437 1246 1512 1290 An,
1536 1253 1576 1284 39

186 1320 275 1344 cum
308 1306 494 1344 credebat
524 1306 708 1345 inductus
740 1306 877 1355 usuris,
901 1307 940 1346 id
961 1308 1102 1357 agebat
1131 1315 1173 1346 ut
1203 1308 1364 1346 haberet
1394 1322 1512 1359 quam

186 1371 423 1422 plurimum;
454 1379 590 1422 postea
620 1385 738 1421 quam
770 1373 896 1422 exegit
925 1374 1034 1422 quod
1064 1373 1293 1420 crediderat,
1317 1382 1358 1411 ut
1389 1374 1515 1412 existi-

187 1445 355 1476 maretur
387 1450 499 1487 egere
520 1439 536 1475 ?
603 1438 763 1475 Novum
796 1451 919 1487 genus
958 1439 1034 1475 hoc
1072 1439 1217 1487 gloriae
1255 1438 1510 1488 concupiscit.

185 1506 194 1522 ‘
212 1502 448 1541 Dominatus
478 1510 536 1541 est
565 1502 696 1549 enim,’
723 1502 861 1553 inquit,
885 1504 1203 1555 ‘Alexandreae'
1263 1504 1394 1541 Immo
1420 1517 1512 1542 vero

185 1569 223 1606 in
255 1568 535 1618 superbissimo
574 1567 780 1606 dominatu
815 1568 887 1606 fuit
909 1582 919 1616 3
959 1568 1116 1618 pertulit
1156 1569 1238 1618 ipse
1277 1567 1510 1615 custodiam,

183 1633 280 1672 vidit
311 1633 349 1671 in
378 1633 514 1672 vinclis
545 1633 742 1672 familiaris
772 1646 874 1680 suos,
905 1646 1009 1670 mors
1039 1633 1091 1671 ob
1122 1634 1257 1671 Oculos
1288 1646 1404 1683 saepe
1433 1647 1512 1671 ver-

184 1707 266 1737 sata
295 1707 367 1746 est,
397 1700 525 1738 nudus
556 1707 674 1749 atque
708 1712 826 1749 egens
860 1700 911 1737 ad
942 1705 1159 1736 extremum
1194 1698 1289 1748 fugit
1324 1712 1345 1736 e
1378 1712 1509 1748 regno.

185 1766 237 1802 At
256 1772 475 1814 permutata
497 1766 711 1815 aliquando
738 1764 906 1815 pecunia
932 1771 1001 1808 cst,
1019 1765 1172 1802 delatae
1193 1776 1311 1801 naves
1334 1763 1510 1801 Postumi
1529 1774 1573 1805 40

185 1831 369 1868 Puteolos
391 1838 491 1876 sunt,
521 1831 678 1868 auditae
707 1829 891 1879 visaeque
924 1842 1084 1867 merces.
1145 1829 1318 1866 Fallaces
1348 1828 1509 1878 quidem

231 1945 241 1964 ι
270 1934 312 1964 ad
330 1933 475 1974 aliquem
494 1945 584 1965 reum
604 1935 740 1975 scripsi:
766 1935 806 1964 ad
824 1943 920 1973 quem
940 1943 1056 1963 eorum
1075 1931 1164 1962 codd.
1321 1943 1339 1961 2
1358 1932 1509 1963 venisset

183 1977 335 2017 supplevi,
352 1979 389 2017 cs.
411 1978 498 2009 Verr.
517 1978 561 2009 iii.
581 1978 632 2017 89,
653 1989 696 2017 90
797 1976 1009 2017 pervenisse]
1030 1976 1239 2015 pervenisset
1262 1975 1312 2014 ψεῖ
1414 1986 1434 2014 3
1459 1975 1507 2016 id]

186 2020 217 2051 id
237 2021 270 2051 in
288 2020 329 2061 tp2
419 2033 437 2060 4
464 2022 573 2052 solere
591 2021 660 2051 noc²
678 2033 683 2052 :
710 2021 834 2052 soleret
852 2024 917 2052 cett.
1009 2029 1028 2057 5
1053 2025 1117 2049 tam
1137 2018 1183 2049 cd.
1204 2018 1338 2049 Ascens.
1360 2029 1367 2048 ι
1391 2023 1447 2049 aut
1464 2019 1484 2048 k
1502 2031 1508 2049 :

183 2075 249 2095 om.
267 2068 330 2096 cett.
476 2066 496 2094 8
520 2065 631 2096 itane?
662 2075 724 2103 age
742 2065 825 2095 cedo
842 2062 978 2103 scripsi:
1005 2063 1066 2092 iam
1086 2071 1124 2093 ac
1140 2062 1241 2092 credo
1261 2062 1416 2100 (accredo
1432 2065 1484 2102 3ΐῲ
1500 2073 1506 2092 :

183 2108 307 2138 accedo
325 2106 410 2140 νιοςδ
429 2107 516 2138 codd.
667 2119 705 2138 10
730 2108 774 2138 illi
792 2108 923 2146 scripsi:
950 2105 1003 2136 illa
1021 2105 1107 2136 rodd.
1255 2115 1287 2134 11
1316 2106 1507 2144 pervenerit

184 2150 288 2181 Reid:
313 2151 356 2182 sit
370 2151 459 2182 codd.
534 2162 575 2182 an
595 2152 671 2182 huic
688 2151 847 2191 Madvig:
872 2161 889 2180 a
908 2154 962 2188 [an
979 2149 1069 2189 jaff-'‘2-
1104 2159 1190 2178 nunc
1207 2147 1298 2178 codd.
1368 2149 1508 2178 dicenda

183 2203 282 2224 causa
307 2198 359 2223 cst
381 2194 512 2234 scripsi:
539 2195 579 2224 de
605 2195 651 2231 (d'
672 2195 713 2231 st)
740 2205 779 2224 ea
803 2193 892 2224 codd.
1050 2202 1085 2221 12
1111 2192 1199 2222 enim
1220 2194 1264 2228 ψε
1290 2192 1414 2221 etenim
1439 2195 1502 2222 cell.

187 2246 222 2275 14
248 2246 284 2267 se
308 2236 457 2267 Muretus
475 2250 481 2268 :
528 2239 555 2268 si
586 2241 666 2278 ηψψ
685 2249 690 2267 :
732 2238 759 2268 is
794 2239 873 2273 (om.
903 2236 944 2275 c¹)
975 2238 1038 2265 cell.
1058 2247 1063 2265 :
1106 2235 1164 2265 del.
1195 2233 1336 2274 Affadvt'g
1469 2245 1505 2273 17

183 2279 307 2310 habere
324 2290 388 2311 om.
406 2281 454 2319 IV,
473 2279 518 2313 ed.
540 2281 573 2311 R
784 2290 824 2319 25
850 2278 981 2309 delatae
1008 2278 1143 2318 scripsi:
1168 2277 1276 2308 dictae
1297 2279 1387 2319 {duc-
1406 2278 1505 2307 usic*

182 2321 270 2354 codd.
291 2322 342 2362 (qfi
363 2323 467 2365 iufra)
601 2326 642 2355 26
668 2323 825 2354 Puteolos
843 2323 977 2363 scripsi:
1001 2321 1150 2352 Puteolis
1167 2320 1257 2351 codd.
