1747 2620
175 83 226 122 35
244 90 286 121 95
611 76 667 113 Μ.
698 76 867 113 TVLLI
899 76 1205 115 CICERONIS

242 183 360 235 stirpe
389 183 541 236 generis
571 198 617 223 ac
647 183 807 224 seminis
837 198 956 236 quarn
986 199 1032 224 ex
1061 185 1117 224 eis
1146 184 1263 224 rebus
1287 198 1390 237 quae
1414 185 1465 224 ab
1490 184 1575 237 ipsa

241 257 378 289 natura
398 251 514 289 nobis
535 251 587 289 ad
607 249 709 289 vitae
735 250 1067 290 consuetudinem
1092 250 1408 302 suppeditantur,
1427 250 1572 301 quibus

239 315 379 354 alimur
396 323 433 355 et
451 314 628 354 vivimus.
678 314 1021 365 Carthaginienses
1043 315 1280 354 fraudulenti
1301 324 1339 355 et
1359 316 1572 355 mendaces

237 395 319 420 non
356 394 509 431 genere,
534 381 604 419 sed
649 387 788 418 natura
826 379 913 426 loci,
955 380 1063 431 quod
1110 388 1268 431 propter
1305 388 1440 432 portus
1480 394 1572 419 suos

237 446 368 485 multis
397 454 435 485 et
465 445 578 484 variis
613 453 875 486 mercatorum
905 453 943 485 et
971 447 1213 485 advenarum
1243 446 1490 486 sermonibus
1519 447 1571 486 ad
1591 462 1608 493 5

235 512 408 550 studium
436 512 595 550 fallendi
624 510 756 549 studio
778 518 963 561 quaestus
984 511 1237 550 vocabantur.
1298 512 1458 562 Ligures
1481 511 1569 551 duri

233 583 352 627 atque
383 583 552 626 agrestes
568 589 578 623 ς
622 576 757 614 docuit
789 589 879 626 ager
910 575 993 626 ipse
1023 575 1120 614 nihil
1151 577 1314 616 ferendo
1343 576 1418 615 nisi
1448 578 1570 616 multa

233 642 384 680 cultura
428 648 466 679 et
511 654 655 691 magno
707 641 840 679 labore
885 640 1117 691 quaesitum.
1175 640 1372 691 Campani
1416 655 1570 692 semper

233 706 390 757 superbi
424 705 600 744 bonitate
634 719 814 755 agrorum
849 713 887 743 et
918 707 1115 744 fructuum
1147 705 1430 756 magnitudine,
1461 706 1569 745 urbis

232 771 470 819 salubritate,
521 770 798 821 descriptione,
851 770 1155 820 pulchritudine.
1225 772 1286 809 Ex
1332 772 1406 810 hac
1453 772 1570 822 copia
1590 791 1628 813 10

231 844 350 887 atque
377 836 557 875 omnium
587 850 715 874 rerum
738 835 954 874 adfluentia
981 835 1151 886 primum
1173 835 1238 874 illa
1264 842 1356 874 nata
1375 843 1434 874 est
1457 838 1568 877 adro-

230 901 362 952 gantia
393 915 471 952 qua
501 915 524 939 a
560 900 774 940 maioribus
812 900 955 939 nostris
989 902 1154 939 alterum
1193 901 1331 952 Capua
1362 902 1566 940 consulem

231 968 489 1017 postularunt,
523 966 670 1005 deinde
705 980 752 1005 ea
788 965 957 1004 luxuries
993 979 1094 1016 quae
1127 965 1258 1016 ipsum
1295 966 1567 1006 Hannibalem

168 1039 210 1081 96
230 1032 346 1071 armis
377 1034 495 1072 etiam
526 1040 609 1070 tum
642 1031 833 1070 invictum
865 1032 1067 1082 voluptate
1087 1030 1189 1070 vicit.
1250 1033 1345 1070 Huc
1374 1030 1437 1070 isti
1467 1033 1567 1072 xviri

230 1113 321 1138 cum
345 1111 409 1138 103
429 1100 663 1138 colonorum
686 1112 732 1137 ex
754 1099 838 1148 lege
868 1096 975 1135 Rulli
1003 1096 1247 1145 deduxerint,
1271 1109 1294 1136 C
1318 1097 1562 1147 decuriones,
1588 1113 1625 1145 15

230 1177 258 1203 x
277 1178 454 1215 augures,
478 1177 517 1201 vl
551 1164 759 1214 pontifices
784 1162 1069 1210 constituerint,
1094 1176 1193 1213 quos
1221 1162 1376 1202 illorum
1396 1163 1561 1213 animos,

229 1243 329 1280 quos
363 1230 548 1280 impetus,
585 1243 704 1279 quam
746 1228 932 1267 ferociam
968 1230 1050 1267 fore
1085 1227 1260 1279 putatis?
1317 1230 1488 1267 Romam
1524 1229 1563 1268 in

230 1295 431 1349 montibus
458 1294 626 1346 positam
656 1302 694 1333 et
720 1293 976 1342 convallibus,
1002 1293 1201 1332 cenaculis
1226 1294 1419 1332 sublatam
1444 1302 1563 1345 atque

229 1375 472 1412 suspensam,
496 1375 577 1399 non
600 1360 759 1411 optimis
781 1359 863 1407 viis,
889 1359 1175 1410 angustissimis
1197 1359 1356 1407 semitis,
1380 1373 1472 1410 prae
1493 1374 1563 1399 sua

229 1428 367 1478 Capua
396 1426 626 1477 planissimo
658 1426 697 1464 in
729 1428 819 1465 loco
850 1425 1044 1476 explicata
1073 1439 1119 1463 ac
1149 1425 1456 1475 praeclarissime
1490 1426 1562 1465 sita
1584 1440 1622 1463 20

227 1491 454 1531 inridebunt
486 1500 605 1542 atque
640 1498 925 1538 contemnent3
972 1504 1085 1542 agros
1124 1478 1226 1529 verox
1247 1490 1483 1529 Vaticanum
1523 1500 1561 1530 et

228 1557 437 1608 Pupiniam
458 1571 549 1595 cum
571 1557 650 1595 suis
672 1556 814 1607 opimis
835 1564 956 1607 atque
977 1555 1165 1595 uberibus
1186 1555 1334 1606 campis
1356 1558 1560 1596 conferen-

227 1624 299 1662 dos
320 1623 468 1662 scilicet
495 1637 575 1662 non
598 1623 804 1673 putabunt.
867 1621 1118 1672 Oppidorum
1145 1629 1278 1659 autem
1304 1621 1558 1661 finitimorum

226 1688 332 1727 illam
366 1689 522 1740 copiam
557 1702 648 1726 cum
684 1690 757 1726 hac
792 1701 860 1732 per
893 1687 1012 1725 risum
1046 1701 1092 1725 ac
1127 1688 1257 1726 iocum
1290 1689 1532 1727 contendent
1549 1704 1559 1738 ,-

270 1805 288 1824 2
313 1792 408 1825 nobis
426 1792 648 1824 Laurcdamts
663 1804 669 1822 :
699 1792 797 1822 bonis
815 1790 902 1822 codd.
1005 1792 1047 1822 ad
1065 1792 1150 1823 vitae
1169 1793 1442 1823 consuetudinem
1461 1794 1481 1824 le
1499 1805 1506 1824 τ
1539 1806 1559 1825 a

226 1838 294 1868 vita
311 1837 558 1868 consuetudine
575 1840 641 1868 cett.
746 1845 765 1875 5
790 1840 823 1867 et
839 1836 1046 1866 advenarum
1065 1847 1130 1867 ont.
1149 1836 1185 1866 N
1283 1838 1304 1866 6
1329 1837 1473 1875 Ligures
1489 1837 1557 1869 Ee:

228 1881 368 1920 Ligures
401 1880 549 1911 montani
585 1883 650 1910 cell.
813 1890 851 1910 10
876 1880 1097 1920 discriptione
1132 1880 1261 1919 Kayser
1418 1891 1451 1910 11
1479 1887 1557 1912 nata

226 1923 411 1955 Beroaldus
427 1935 434 1954 ε
459 1928 556 1963 capta
574 1923 640 1952 Ec:
666 1927 744 1962 apta
763 1927 827 1955 cett.
935 1930 986 1955 est
1009 1924 1216 1965 lVesenbm‘g:
1251 1929 1327 1954 sunt
1349 1924 1424 1963 (suit
1440 1924 1475 1964 k)
1494 1926 1559 1955 mei

230 1979 267 1998 12
292 1979 357 2007 qua
373 1968 456 2008 Lag.
477 1979 497 2007 9
515 1979 521 1998 z
554 1979 638 2007 quac
658 1971 720 1997 cell.
900 1979 936 2008 13
962 1969 1173 2009 postularunt
1191 1968 1258 1998 Ec:
1292 1968 1474 2007 postulavit
1490 1973 1554 2000 cell.

230 2022 265 2050 14
290 2012 389 2042 etiam
407 2022 472 2042 0111.
495 2011 544 2043 E:
584 2012 685 2043 etiam
706 2037 712 2043 .
738 2037 745 2043 .
765 2036 771 2043 .
792 2023 867 2043 cum
891 2024 955 2044 0111.
974 2013 1011 2043 N
1149 2017 1217 2042 tum
1243 2011 1387 2042 Mz'iller:
1421 2018 1479 2043 tun
1497 2012 1556 2043 M:

225 2060 303 2086 tunc
320 2059 384 2086 cell.
480 2057 542 2086 huc
563 2057 753 2098 Naugerius
773 2060 819 2095 (1⁸
841 2069 847 2088 :
873 2057 949 2088 huic
967 2055 1055 2087 codd.
1182 2067 1218 2095 15
1245 2066 1294 2087 133
1314 2055 1555 2087 Laztrcdanns:

224 2099 324 2129 modo
347 2099 435 2131 codd.
563 2101 774 2132 deduxerunt
798 2101 868 2132 Eecu
1020 2102 1057 2131 16
1081 2101 1326 2131 constituerunt
1350 2111 1366 2130 e
1515 2111 1553 2139 19

224 2143 368 2182 optumis
386 2144 487 2183 σΜμχ
603 2145 664 2175 viis
682 2145 847 2186 Angelius
865 2157 870 2175 :
897 2145 965 2175 suis
983 2143 1070 2175 codd.
1221 2155 1263 2175 20
1287 2143 1553 2184 praeclarissime

222 2186 286 2216 sita
303 2186 434 2217 Baiter:
463 2198 543 2226 prae
564 2188 629 2219 illis
646 2190 776 2219 semitis
791 2188 883 2219 codd.
1060 2198 1100 2217 22
1125 2187 1260 2227 optimis
1280 2197 1377 2217 ⁴-um-
1393 2188 1422 2227 e)
1439 2187 1528 2218 codd.
1547 2199 1552 2216 :

222 2239 299 2260 corr.
334 2229 556 2262 Lam-edamus
691 2232 867 2263 uberrimis
895 2231 942 2262 Ee
1104 2241 1146 2270 23
1170 2231 1297 2261 scilicet
1324 2230 1384 2261 N:
1419 2230 1447 2262 si
1476 2231 1551 2261 licet

222 2272 289 2303 Ee:
314 2284 376 2304 om.
398 2279 461 2304 cdl.
645 2286 682 2314 24
710 2275 765 2316 ac]
790 2287 827 2307 ac
852 2285 914 2314 per
934 2274 970 2305 N
1077 2279 1294 2305 contemnent
1319 2273 1406 2304 codd.
1431 2286 1437 2304 :
1473 2285 1551 2304 corr.

224 2315 398 2347 Manutius
