1747 2620
234 81 263 118 9
286 87 323 119 ²5
648 74 703 111 M.
735 73 903 111 TVLLI
936 72 1242 111 CICERONIS

282 185 444 235 Propter
495 184 754 236 integritatem
807 184 1008 224 hominis?
1079 185 1161 224 Cur
1211 183 1326 234 igitur
1377 183 1608 222 insimulas?

282 252 444 301 Propter
478 250 791 301 magnitudinem
825 251 1027 290 criminis?
1085 252 1199 289 Itane
1228 252 1348 288 vero?
1387 263 1505 299 quem
1540 263 1609 299 per

278 316 465 354 arbitrum
494 316 774 355 circumvenire
798 329 879 354 non
899 330 1045 367 posses,
1069 315 1180 354 cuius
1205 317 1254 354 de
1282 329 1326 353 ea
1347 329 1386 354 re
1407 315 1607 365 proprium

280 395 360 419 non
390 390 470 420 erat
499 382 699 428 iudicium,
732 383 837 420 hunc
867 396 935 432 per
963 382 1136 420 iudicem
1167 380 1465 428 condemnabis,
1497 380 1607 419 cuius

279 448 329 486 de
356 461 399 484 ea
426 461 465 485 re
495 449 645 486 nullum
676 456 734 486 est
763 447 994 486 arbitrium?
1052 446 1160 496 Quin
1187 454 1229 484 tu
1259 448 1335 484 hoc
1364 447 1512 484 crimen
1541 454 1607 485 aut
1628 465 1646 496 5

279 511 393 550 obice
432 512 498 550 ubi
538 514 628 551 licet
665 526 789 563 agere,
823 521 890 551 aut
929 512 1055 551 iacere
1094 511 1175 549 noli
1214 511 1281 549 ubi
1321 525 1401 549 non
1440 519 1604 562 oportet.

278 578 454 616 Tametsi
494 578 570 616 iam
610 579 686 616 hoc
726 586 795 616 tuo
837 578 1066 617 testimonio
1105 578 1253 616 crimen
1297 577 1495 615 sublatum
1536 585 1604 616 est.

279 643 383 681 Nam
413 657 493 694 quo
525 652 565 681 tu
593 651 770 694 tempore
800 643 864 681 illa
894 645 1062 682 formula
1088 643 1143 682 uti
1174 642 1344 690 noluisti,
1377 642 1473 680 nihil
1501 644 1606 681 hunc

280 707 318 746 in
348 709 576 748 societatem
607 708 752 747 fraudis
781 708 920 748 fecisse
946 708 1139 747 indicasti.
1201 708 1277 746 Dic
1307 707 1423 755 enim,
1453 708 1605 746 tabulas

280 773 400 812 habes
434 787 483 812 an
518 776 628 812 non?
685 774 724 812 Si
759 787 839 811 non
874 774 1007 819 habes,
1040 787 1159 823 quem
1191 775 1242 811 ad
1277 774 1442 811 modum
1475 773 1605 823 pactio
1630 789 1666 809 10

220 841 259 871 26
278 840 365 876 est?
393 839 423 876 si
445 840 577 885 habes,
601 852 668 876 cur
688 852 769 876 non
790 838 1001 877 nominas?
1042 838 1117 876 Dic
1138 852 1243 876 nunc
1266 838 1456 876 Roscium
1477 839 1547 877 abs
1567 847 1606 877 te

278 904 420 954 petisse
441 912 483 942 ut
504 904 731 942 familiarem
760 917 874 942 suum
899 917 1072 942 sumeres
1097 904 1283 942 arbitrum
1302 907 1309 942 ἕ
1369 905 1462 943 Non
1482 904 1604 955 petiit.

280 969 355 1007 Dic
402 969 626 1019 pactionem
670 969 808 1008 fecisse
855 977 898 1007 ut
944 970 1234 1008 absolveretur!
1306 971 1397 1008 Non
1445 969 1603 1020 pepigit.

278 1034 435 1082 Quaere
468 1048 546 1084 qua
584 1048 624 1072 re
655 1034 703 1072 sit
740 1035 970 1073 absolutus!
1029 1036 1150 1083 Quod
1188 1043 1270 1073 erat
1303 1049 1458 1074 summa
1496 1035 1606 1073 inno-

277 1100 405 1138 centia
439 1108 476 1138 et
516 1099 744 1150 integritate.
820 1100 928 1149 Quid
964 1100 1071 1140 enim
1110 1102 1257 1139 factum
1297 1102 1384 1139 est?
1449 1100 1603 1140 Venisti
1627 1119 1663 1150 15

276 1166 440 1203 domum
469 1167 569 1204 ultro
595 1165 729 1213 Rosci,
756 1165 848 1204 satis
876 1165 1028 1214 fecisti;
1051 1167 1163 1216 quod
1188 1174 1333 1205 temere
1359 1167 1602 1215 commisisti,

277 1229 316 1268 in
337 1230 526 1269 iudicium
548 1240 589 1269 ut
610 1230 873 1278 denuntiares,
896 1231 1039 1281 rogasti
1060 1239 1102 1269 ut
1123 1231 1366 1281 ignosceret;
1395 1239 1434 1270 te
1452 1233 1606 1270 adfutu-

277 1309 362 1334 rum
406 1297 567 1346 negasti,
611 1297 757 1335 debere
805 1296 877 1335 tibi
925 1310 971 1335 ex
1015 1296 1204 1335 societate
1244 1296 1341 1334 nihil
1383 1297 1602 1336 clamitasti.

278 1361 405 1399 Iudici
435 1361 498 1399 hic
528 1361 798 1409 denuntiavit;
835 1361 1039 1400 absolutus
1069 1369 1137 1400 est.
1196 1363 1349 1400 Tamen
1380 1362 1525 1401 fraudis
1558 1376 1605 1401 ac

275 1427 364 1465 furti
405 1427 646 1466 mentionem
691 1428 817 1465 facere
855 1427 1005 1466 audes?
1077 1429 1228 1465 Perstat
1266 1427 1305 1465 in
1345 1427 1602 1477 impudentia.
1626 1448 1666 1469 20

279 1492 533 1531 ‘Pactionem
562 1492 693 1539 enim,’
721 1491 860 1542 inquit,
893 1495 1072 1530 ‘mecum
1099 1493 1268 1530 fecerat.’
1326 1492 1481 1530 Idcirco
1501 1492 1606 1532 vide-

275 1558 364 1597 licet
399 1572 449 1597 ne
483 1559 824 1596 condemnaretur.
886 1557 994 1606 Quid
1029 1565 1110 1596 erat
1141 1571 1283 1596 causae
1318 1571 1386 1596 cur
1415 1566 1605 1597 metueret

275 1638 326 1662 ne
357 1624 715 1662 condemnaretur?
772 1647 823 1651 —
864 1624 944 1661 Res
977 1629 1058 1661 erat
1092 1622 1309 1670 manifesta,
1345 1623 1491 1661 furtum
1525 1632 1606 1662 erat

273 1697 461 1740 apertum.

214 1770 254 1805 ²7
329 1755 451 1795 Cuius
504 1755 557 1793 rei
610 1757 753 1793 furtum
812 1756 958 1793 factum
1015 1757 1124 1793 erat?
1201 1754 1412 1793 Exorditur
1464 1769 1604 1806 magna
1627 1772 1664 1803 25

273 1836 363 1860 curn
398 1820 691 1871 exspectatione
724 1820 864 1858 veteris
897 1819 1095 1858 histrionis
1130 1834 1326 1870 exponere
1361 1820 1600 1860 societatem.

207 1888 523 1936 10‘Panurgus‚’
569 1885 706 1935 inquit,
752 1885 845 1923 ‘fuit
891 1884 1041 1932 Fanni:
1088 1885 1119 1922 is
1159 1886 1199 1923 fit
1241 1885 1276 1924 ei
1319 1899 1410 1923 cum
1456 1887 1604 1926 Roscio

272 1951 518 1992 communis]
577 1950 656 1988 Hic
682 1950 850 2001 primum
881 1958 1042 2000 questus
1072 1958 1130 1988 est
1161 1964 1240 1988 non
1268 1950 1403 1989 leviter
1429 1951 1603 1990 Saturius

315 2068 334 2088 2
358 2058 622 2097 magnitudinem
656 2057 855 2089 Manutius:
893 2057 1118 2095 egritudinem
1151 2054 1237 2086 codd.
1396 2068 1415 2096 4
1440 2068 1507 2088 non
1540 2057 1600 2089 del.

271 2101 448 2132 Manutius
538 2102 626 2132 hunc
645 2102 844 2133 Manutius:
869 2112 956 2132 nunc
973 2100 1062 2132 codd.
1196 2110 1214 2139 5
1241 2111 1279 2131 ea
1298 2101 1403 2141 suppl.
1426 2100 1603 2132 Manutius

269 2146 291 2175 6
316 2150 430 2176 tacere
447 2145 536 2176 codd.
556 2158 562 2177 :
587 2156 667 2177 corr.
683 2146 864 2177 Manutius
1006 2156 1022 2184 7
1050 2145 1114 2175 iam
1131 2154 1196 2175 om.
1216 2145 1263 2174 ΩΙ)
1394 2156 1416 2185 9
1439 2146 1601 2176 societate

270 2187 358 2219 codd.
375 2200 382 2219 ε
406 2200 484 2220 corr.
502 2189 687 2221 Beroaldus
804 2189 968 2220 indicasti.
1020 2189 1081 2219 Dic
1100 2189 1189 2218 enim
1208 2189 1341 2229 scripsi:
1367 2189 1600 2219 iudiditionem

271 2232 484 2269 (inditionem
511 2237 549 2273 n,
577 2234 611 2263 in
636 2233 840 2264 deditionem
865 2233 907 2264 k:
941 2232 1093 2263 iudicasti
1118 2231 1180 2264 b2t}
1205 2232 1296 2263 codd.
1436 2241 1474 2263 10
1497 2232 1600 2263 habet

268 2274 359 2307 codd.
380 2277 477 2315 <ter):
503 2288 582 2307 corr.
616 2276 801 2308 Menardus
992 2285 1027 2316 17
1061 2276 1095 2305 in
1128 2275 1186 2307 del.
1222 2275 1432 2307 Lambinus:
1456 2275 1538 2317 sort.
1569 2275 1599 2306 ei

269 2318 484 2350 denuntiaret
498 2320 586 2352 codd.
603 2331 611 2351 z
632 2330 711 2352 corr.
729 2319 918 2351 Lambinus
1031 2320 1068 2350 18
1093 2319 1207 2351 deberi
1219 2317 1408 2350 Lambinus
1497 2328 1536 2358 27
1563 2318 1599 2350 fit

268 2361 427 2394 Passow:
455 2365 513 2395 suit
532 2363 620 2395 codd.
