1747 2620
127 63 173 90 10

135 490 173 529 36

137 1249 168 1275 11

127 1308 165 1341 37

120 1800 157 1836 38

198 67 237 99 35
555 53 611 90 M.
642 51 809 89 TVLLI
842 48 1148 89 CICERONIS

196 162 313 199 bodie
344 163 500 212 possim.
562 162 699 197 Festos
731 159 824 196 mihi
856 158 941 196 finis
972 157 1240 206 terminosque
1270 155 1523 202 constituam,-

195 236 298 264 extra
327 240 425 276 quos
449 226 579 274 egredi
601 237 680 262 non
710 224 867 274 possim,
892 223 920 260 si
948 221 1117 260 maxime
1138 221 1264 268 velim,
1289 229 1329 259 ut
1360 229 1397 258 et
1425 221 1520 259 mihi

195 292 240 330 sit
263 291 504 342 propositum
527 291 576 328 de
597 303 677 339 quo
698 288 839 331 dicam,
863 295 901 326 et
924 286 1162 325 Hortensius
1183 286 1325 324 habeat
1346 285 1522 335 exposita

193 358 243 395 ad
271 369 372 406 quae
398 356 644 405 respondeat,
675 362 712 393 et
734 362 786 401 tu,
812 355 855 392 C.
886 352 1032 403 Aquili,
1056 352 1134 390 iam
1164 360 1255 391 ante
1276 351 1409 391 animo
1437 365 1522 403 pro-

194 421 341 472 spicere
362 420 487 471 possis
508 419 651 469 quibus
674 420 724 457 de
744 418 860 456 rebus
882 418 1086 456 auditurus
1107 417 1169 456 sis.
1541 435 1558 466 5

247 488 447 536 Negamus
487 493 524 524 te
564 485 667 523 bona
703 486 743 522 P.
787 483 962 533 Quincti,
1000 484 1084 522 Sex.
1123 482 1260 530 Naevi,
1297 483 1521 533 possedisse

193 566 238 591 ex
268 552 398 591 edicto
428 550 625 602 praetoris.
686 550 732 587 In
764 563 811 587 eo
846 548 1007 599 sponsio
1038 550 1138 587 facta
1170 556 1238 587 est.
1299 549 1518 588 Ostendam

193 617 359 668 primum
395 630 553 655 eausam
589 629 668 653 non
708 614 826 653 fuisse
858 628 927 652 cur
960 628 983 653 a
1017 622 1194 665 praetore
1224 616 1443 667 postulares
1478 622 1520 653 ut

192 683 295 721 bona
328 685 366 720 P.
401 682 560 731 Quincti
589 680 819 731 possideres,
852 679 997 719 deinde
1024 694 1071 719 ex
1095 679 1226 719 edicto
1254 688 1291 718 te
1318 679 1519 730 possidere

192 761 270 785 non
294 747 476 798 potuisse,
501 753 700 797 postremo
722 759 801 784 non
824 745 1056 796 possedisse.
1118 746 1289 795 Quaeso,
1315 745 1358 784 C.
1384 744 1517 795 Aquili
1541 765 1576 786 10

192 826 339 862 vosque
379 813 443 862 qui
484 811 575 850 estis
610 811 647 849 in
683 810 859 858 consilio,
893 818 935 849 ut
970 810 1065 860 quid
1099 810 1295 861 pollicitus
1329 810 1402 848 sim
1435 810 1518 849 dili-

190 887 324 927 genter
364 877 574 916 memoriae
620 876 840 923 mandetis3
888 876 1033 915 etenim
1075 889 1154 914 rem
1200 875 1350 913 facilius
1393 883 1516 914 totam

190 943 398 993 accipietis,
423 943 453 980 si
482 944 578 980 haec
605 941 870 988 memineritis,
894 949 932 980 et
955 955 1018 980 me
1043 941 1156 980 facile
1177 948 1302 979 vestra
1327 941 1517 980 existima-

191 1009 296 1048 tione
317 1008 561 1056 revocabitis,
582 1008 613 1045 si
634 1014 738 1046 extra
760 1008 831 1045 hos
853 1008 1049 1045 cancellos
1070 1006 1201 1056 egredi
1222 1006 1397 1045 conabor
1417 1019 1516 1057 quos

191 1075 283 1112 mihi
309 1074 391 1124 ipse
417 1073 669 1112 circumdedi.
730 1074 844 1122 Nego
870 1072 988 1110 fuisse
1013 1084 1171 1110 causam
1192 1085 1261 1110 cur
1289 1073 1516 1122 postularet,
1539 1089 1574 1120 ¹5

189 1153 288 1189 nego
310 1154 355 1178 ex
383 1139 513 1177 edicto
535 1138 735 1188 possidere
764 1137 948 1188 potuisse,
978 1150 1078 1186 nego
1106 1137 1339 1188 possedisse.
1401 1138 1515 1176 Haec

189 1205 258 1243 tria
280 1218 368 1243 eum
392 1205 573 1250 docuero,
599 1216 792 1254 peroraro.

244 1272 335 1308 Non
357 1269 427 1307 fuit
449 1282 565 1307 causa
587 1282 655 1306 cur
680 1269 904 1318 postularet.
966 1267 1046 1316 Qui
1068 1269 1143 1306 hoc
1165 1267 1334 1318 intellegi
1358 1270 1516 1318 potest?

187 1335 291 1384 Quia
338 1336 422 1373 Sex.
476 1332 627 1372 Naevio
671 1346 800 1383 neque
847 1346 893 1371 ex
942 1332 1139 1371 societatis
1186 1332 1336 1372 ratione
1372 1332 1514 1384 'neque

186 1400 361 1450 privatim
393 1399 603 1449 quicquam
632 1398 768 1437 debuit
800 1398 1021 1447 Quinctius.
1083 1399 1183 1448 Quis
1214 1399 1306 1438 huic
1330 1399 1384 1438 rei
1405 1399 1513 1438 testis
1535 1416 1574 1438 20

184 1467 272 1502 est?
330 1466 441 1503 Idem
464 1464 528 1514 qui
565 1463 774 1501 acerrimus
800 1463 1069 1509 adversarius;
1100 1464 1139 1502 in
1166 1465 1268 1502 hanc
1296 1478 1376 1503 rem
1403 1472 1451 1512 te,
1475 1473 1513 1504 te

183 1531 355 1580 inquam,
381 1538 534 1573 testem,
561 1529 696 1576 Naevi,
725 1529 866 1568 citabo.
928 1532 1090 1568 Annum
1117 1538 1154 1569 et
1182 1530 1403 1569 eo‘diutius
1425 1538 1513 1581 post

183 1604 346 1634 mortem
377 1596 421 1634 C.
455 1594 616 1644 Quincti
650 1594 721 1632 fuit
748 1594 788 1632 in
819 1594 946 1633 Gallia
978 1603 1109 1634 tecum
1141 1595 1256 1633 simul
1287 1595 1509 1644 Quinctius.

184 1662 292 1698 Doce
318 1669 354 1698 te
389 1660 531 1710 petisse
559 1660 609 1698 ab
646 1673 693 1698 eo
724 1659 837 1698 istam
869 1660 1004 1699 nescio
1034 1674 1152 1711 quam
1183 1660 1509 1699 innumerabilem

180 1725 399 1775 pecuniam,
447 1726 547 1763 doce
601 1725 815 1775 aliquando
871 1727 1114 1766 mentionem
1165 1727 1311 1773 fecisse,
1368 1726 1510 1765 dixisse
1532 1739 1569 1771 ²5

178 1790 335 1835 deberi3
379 1789 562 1829 debuisse
606 1793 834 1831 concedam.
908 1794 1077 1832 Moritur
1111 1793 1154 1831 C.
1197 1792 1408 1841 Quinctius
1443 1791 1510 1842 qui

178 1856 256 1901 tibi,
295 1863 334 1893 ut
368 1855 434 1901 ais,
472 1855 584 1893 certis
632 1858 858 1897 nominibus
890 1861 1078 1909 grandem
1114 1858 1322 1909 pecuniam
1359 1857 1506 1896 debuit.

179 1923 303 1959 Heres
332 1920 414 1959 eius
448 1924 487 1958 P.
524 1924 733 1972 Quinctius
765 1924 804 1962 in
836 1924 1004 1962 Galliam
1032 1925 1082 1962 ad
1115 1932 1153 1962 te
1182 1923 1309 1974 ipsum
1339 1922 1445 1962 venit
1469 1922 1508 1961 in

174 2000 306 2034 agium
342 2001 609 2032 communem,
631 2002 678 2027 eo
709 1988 881 2039 denique
907 1989 973 2027 ubi
996 2002 1075 2027 non
1105 1989 1227 2028 modo
1247 2002 1306 2027 res
1334 1995 1415 2027 erat
1438 1989 1508 2027 sed

174 2052 269 2089 ratio
295 2066 452 2103 quoque
479 2054 607 2092 omnis
628 2062 665 2093 et
687 2067 824 2092 omnes
853 2054 1012 2092 litterae.
1074 2053 1174 2102 Quis
1195 2060 1273 2092 tam
1296 2053 1508 2092 dissolutus
1528 2061 1567 2091 30

215 2168 234 2186 2
259 2162 293 2187 ut
312 2157 360 2198 et]
382 2163 417 2188 ut
437 2158 483 2189 115
628 2169 644 2197 7
671 2159 849 2197 responsio
866 2159 896 2190 ς
1040 2168 1077 2197 15
1102 2158 1164 2198 ipsi
1182 2158 1224 2197 ἰιχ
1371 2167 1407 2197 17
1433 2168 1507 2196 per-

172 2210 269 2230 oraro
295 2200 324 2233 k,
353 2200 399 2232 ed.
432 2201 476 2231 V:
514 2212 715 2240 per-oravero
740 2200 822 2232 l1¹c1¹:
857 2202 1022 2241 perorabo
1046 2205 1110 2233 cell.
1138 2199 1252 2241 [Mart.
1280 2200 1357 2241 Cap.
1385 2204 1400 2237 ξ
1426 2202 1505 2240 556)

175 2244 212 2273 18
238 2243 427 2282 postularet
446 2243 503 2276 Hk.
523 2244 693 2274 Hotoman
713 2256 719 2274 :
744 2245 932 2284 postulares
949 2249 1015 2277 cett.
1196 2254 1238 2275 20
1263 2244 1430 2284 privatum
1447 2242 1506 2283 b¹><

172 2296 209 2336 ’.Ἴ
239 2288 271 2316 in
301 2288 386 2317 hanc
407 2297 477 2317 rem
490 2288 530 2318 ¹5:
556 2288 587 2317 in
607 2287 667 2318 hac
687 2298 721 2318 re
739 2292 802 2319 crll.
825 2289 877 2330 (cs.
900 2288 987 2319 Vcrr.
1007 2288 1050 2320 iii.
1071 2288 1146 2329 146)
1304 2297 1345 2318 22
1370 2292 1457 2318 teste
1481 2290 1506 2319 Σ

175 2335 276 2362 citato
297 2334 320 2360 Σ
