1747 2620
675 53 997 93 PRAEFATIO

182 180 313 205 earum
349 164 590 203 mentionem
630 160 760 200 inveni
792 160 832 199 in
867 159 1044 201 Coluccii
1078 160 1264 211 epistulis,
1298 160 1366 212 qui
1398 173 1502 200 anno

187 234 285 279 1406
308 237 482 268 mortuus
503 235 571 275 est,
594 240 712 277 quem
733 225 870 274 virum,
892 225 923 264 si
945 225 1074 264 Flacci
1095 226 1367 265 defensionem
1394 227 1503 275 legls-

184 305 253 343 set,
283 297 333 334 de
360 293 454 332 locis
485 292 552 331 ubi
580 293 630 331 de
654 292 894 331 Graecorum
926 290 1150 338 mendaciis,
1183 292 1232 330 de
1266 293 1503 330 Iudaeorum

185 360 370 411 religione
395 358 529 409 agitur,
552 364 680 395 tacere
709 355 882 406 potuisse
910 357 971 394 vix
999 356 1076 394 veri
1104 356 1229 395 simile
1259 364 1327 394 est.
1387 359 1505 394 Anno

186 425 299 476 igitur
320 426 397 462 fere
423 434 518 472 1405
543 423 610 460 has
632 420 827 460 orationes
851 420 958 458 Italis
986 420 1203 460 innotuisse
1231 423 1359 460 credo.
1417 423 1506 459 Vna

187 490 363 528 inventas
392 500 476 526 esse
505 486 668 525 arbitror
697 498 787 523 cum
822 486 962 524 eodem
993 493 1168 535 tempore
1198 485 1436 532 emerserint,
1469 492 1507 524 et

188 554 228 593 in
257 553 440 593 omnibus
470 565 569 602 quos
601 551 691 589 novi
721 549 924 588 codicibus
956 551 1075 587 altera
1106 551 1266 589 alteram
1297 550 1508 600 sequatur,¹

189 620 330 659 eodem
360 618 481 656 modo
514 629 593 666 quo
628 614 850 654 Roscianae
888 614 1121 653 Mureniana
1156 615 1415 665 coniungitur,
1448 616 1508 653 vel

189 698 270 736 quo
299 682 492 722 orationes
522 695 592 732 pro
624 680 770 719 Roscio
799 681 1016 728 Comoedo‚
1040 693 1110 730 pro
1141 680 1302 719 Rabirio
1332 681 1510 731 perduel-

191 749 304 789 lionis
339 761 418 796 reo,
449 760 518 797 pro
555 745 716 784 Rabirio
756 748 944 783 Postumo
978 752 1247 784 conectuntur.
1316 747 1349 784 E
1384 744 1511 784 Gallia

192 816 373 853 advectas
394 825 478 851 esse
498 811 698 861 significat,
722 810 870 860 opinor,
895 823 1079 848 numerus
1102 810 1193 848 satis
1221 823 1385 860 magnus
1406 810 1512 849 codi-

192 893 282 919 cum
322 891 439 916 manu
471 876 622 916 Gallica
659 877 815 913 saeculo
856 888 903 913 xv
942 874 1102 913 ineunte
1135 874 1378 925 scriptorum,
1412 887 1511 925 quos

194 945 354 995 quidem
369 943 419 981 ab
435 954 515 980 uno
530 942 741 990 archetypo
755 941 910 979 fluxisse
926 939 1177 978 manifestum
1195 947 1263 978 est.
1309 940 1512 978 Familiam

195 1008 387 1048 Gallicam
408 1008 515 1045 ducit
542 1006 666 1044 codex
696 1004 890 1042 Parisinus
925 1016 1062 1053 14749,
1085 1003 1179 1042 olim
1205 1006 1241 1043 S.
1264 1004 1433 1044 Victoris
1464 1019 1510 1055 91

197 1074 275 1125 (Σ),
293 1072 402 1112 cuius
420 1069 655 1122 praestantia
666 1069 749 1108 aliis
766 1069 805 1107 in
822 1069 1062 1108 orationibus
1077 1077 1171 1108 nota
1183 1069 1273 1109 est.²
1306 1071 1407 1109 Cum
1426 1072 1512 1117 hoc,

198 1147 240 1178 ut
269 1152 314 1177 ex
346 1137 490 1175 Italicis
521 1148 644 1174 unum
674 1148 836 1182 sumam,
869 1135 994 1173 codex
1024 1133 1119 1172 olim
1148 1137 1184 1174 S.
1210 1135 1333 1173 Marci
1366 1147 1437 1185 255
1461 1134 1517 1187 (b)

199 1206 277 1243 fere
296 1201 503 1252 conspirat.

253 1269 361 1306 Alter
381 1267 505 1305 codex
525 1265 600 1304 alia
619 1264 737 1316 stirpe
759 1272 866 1304 ortus
887 1272 1024 1315 postea
1046 1265 1226 1304 inventus
1248 1273 1316 1313 est,
1335 1278 1414 1315 quo
1431 1267 1518 1304 loco

202 1331 344 1372 nescio.
406 1333 462 1369 Ex
501 1332 577 1369 hoc
608 1343 712 1369 novo
746 1331 854 1368 fonte
885 1337 1115 1369 emanarunt
1150 1343 1239 1368 cum
1274 1330 1436 1369 varietas
1471 1332 1520 1369 le-

202 1397 342 1438 ctionis
363 1398 440 1435 fere
469 1402 656 1445 perpetua
683 1394 723 1432 in
754 1394 930 1433 eiusdem
958 1395 1104 1433 codicis
1132 1396 1153 1432 b
1180 1395 1353 1445 margine
1382 1395 1518 1446 posita,

203 1471 287 1502 tum
307 1462 580 1511 supplementa
598 1461 747 1509 aliquot
780 1473 880 1509 quae
911 1473 991 1497 non
1018 1459 1160 1498 librarii
1190 1459 1348 1510 ingenio
1373 1460 1519 1507 deberi,

207 1529 276 1567 sed
296 1540 318 1566 e
338 1528 444 1565 bono
465 1524 603 1564 codice
627 1531 711 1563 orta
736 1538 820 1563 esse
844 1524 1058 1574 aliquando
1087 1516 1292 1563 confirmat
1324 1524 1522 1563 Rufiniani

207 1600 244 1631 et
266 1589 510 1640 Palimpsesti
532 1588 603 1641 (P)
623 1589 860 1628 auctoritas.³
916 1589 1149 1628 Addiderim
1170 1589 1358 1628 lectiones
1384 1592 1523 1628 multas

208 1671 292 1697 esse
313 1657 531 1701 mendosas,
555 1656 695 1693 multas
716 1654 756 1692 in
777 1655 892 1693 rebus
923 1653 1092 1692 minimis
1117 1655 1221 1692 velut
1251 1655 1290 1691 in
1318 1655 1524 1693 verborum

209 1723 467 1762 collocatione
487 1719 638 1758 versari.
690 1721 722 1758 E
740 1719 883 1758 familia
901 1719 1052 1759 Gallica
1067 1718 1132 1771 (Σ)
1148 1726 1185 1757 et
1201 1718 1261 1757 his
1281 1719 1526 1758 correctioni-

211 1788 284 1826 bus
314 1784 387 1838 (Β)
417 1792 506 1823 nata
536 1791 593 1822 est
622 1783 888 1823 contaminata
922 1784 1109 1821 Italorum
1142 1783 1328 1830 recensio,
1356 1797 1456 1834 quae
1488 1786 1527 1823 in

213 1854 332 1892 altero
353 1849 490 1889 codice
510 1850 548 1888 S.
572 1848 706 1897 Marci,
729 1861 834 1887 num.
863 1860 937 1898 254
959 1847 1028 1900 (χ),
1052 1855 1089 1886 et
1110 1847 1149 1885 in
1170 1848 1450 1888 recentioribus
1471 1850 1526 1888 in-

213 1914 395 1956 venium*

258 2014 269 2035 ²
296 2014 344 2045 Ita
360 2014 393 2044 in
412 2013 615 2044 editionibus
635 2012 751 2051 priscis
768 2022 872 2052 usque
889 2012 929 2043 ad
948 2011 1105 2042 Aldinam
1122 2022 1207 2042 anno
1230 2021 1311 2052 1519
1326 2023 1345 2043 a
1359 2012 1531 2053 Naugerio

217 2063 373 2090 curatam.

259 2101 271 2121 ²
299 2100 459 2130 Anecdota
478 2100 686 2138 Owniensia,
708 2097 863 2130 Classical
877 2097 993 2137 Series,
1014 2099 1095 2129 Part
1112 2099 1153 2130 X.

259 2144 272 2163 ³
298 2144 425 2183 Qm'nct.
455 2146 491 2181 §§
520 2153 571 2182 53,
601 2153 653 2182 92.
701 2142 810 2173 Vnum
839 2142 1107 2182 supplementum
1152 2145 1167 2180 §
1193 2143 1250 2181 25)
1278 2153 1322 2173 ex
1349 2143 1412 2174 hoc
1441 2143 1533 2175 sonte

218 2194 326 2220 ortum
344 2197 419 2217 esse
437 2197 503 2217 non
520 2187 631 2225 credo,
652 2186 712 2217 sed
729 2195 771 2216 ex
788 2196 827 2216 ea
844 2195 943 2225 quam
961 2187 978 2216 b
994 2186 1129 2216 exhibet
1147 2186 1360 2225 corruptione
1375 2187 1458 2227 (nisi
1472 2197 1532 2226 pro

220 2232 286 2269 uba)
307 2236 429 2261 natum.

262 2274 275 2293 ⁴
301 2273 327 2305 E
345 2273 506 2305 Parisinis
522 2273 639 2314 quibus
659 2282 738 2304 usus
755 2278 806 2304 est
821 2273 854 2303 F.
877 2272 911 2303 L.
929 2271 1046 2303 Keller
1064 2277 1140 2304 octo
1159 2282 1258 2303 manu
1271 2272 1400 2305 Gallica
1418 2273 1532 2314 scripti

843 2340 881 2366 IV
