1716 2662
67 784 106 806 10

418 72 528 110 PRO
561 74 600 109 l'.
634 71 914 120 QYINCTIO
947 72 1163 109 ORATIO
1410 83 1456 119 19
1477 77 1515 109 61

129 182 179 221 ad
210 182 453 231 Quinctium.
515 182 594 221 Hic
632 196 791 233 quoque
829 196 983 221 summe
1013 189 1167 221 constat
1198 182 1456 233 procuratoris

128 247 324 297 diligentis
342 247 525 286 officium.
583 248 738 287 Debere
761 247 830 285 tibi
852 246 950 285 dieis
968 246 1215 296 Quinctium,
1232 255 1457 297 procurator

129 320 263 362 negat,
282 311 414 350 vadari
434 313 505 358 vis,
526 310 734 362 promittit;
757 310 794 348 in
818 311 876 349 ius
898 325 1025 357 vocas,
1050 311 1245 361 sequitur,
1267 310 1454 349 iudicium

127 379 313 427 postulas,
333 390 413 415 non
429 385 591 415 recusat.
653 376 762 426 Quid
782 376 888 415 aliud
911 376 958 414 sit
975 377 1180 415 absentem
1203 375 1363 414 defendi
1385 390 1456 425 ego

127 456 207 481 non
239 441 434 493 intellego.
494 444 548 480 At
577 442 665 492 quis
694 450 775 480 erat
804 445 1064 492 procurator?
1121 442 1252 482 Credo
1284 441 1455 491 aliquem
1476 446 1516 476 62

127 509 295 547 electum
314 508 516 546 hominem
534 515 727 558 egentem,
744 507 967 558 litigiosum,
985 507 1220 558 improbum,
1241 508 1306 557 qui
1323 514 1456 557 posset

126 587 279 612 scurrae
294 573 423 611 divitis
438 573 681 612 cotidianum
696 573 919 612 convicium
936 573 1138 612 sustinere.
1181 572 1291 611 Nihil
1307 571 1456 620 minus,-

125 651 246 688 eques
278 640 484 677 Romanus
514 639 701 688 locuples,
731 637 790 675 sui
821 637 952 688 negoti
984 638 1086 676 bene
1108 650 1257 687 gerens,
1282 636 1454 686 denique

126 702 156 741 is
186 716 318 753 quem,
348 703 531 753 quotiens
565 702 737 741 Naevius
768 702 808 740 in
841 702 1011 741 Galliam
1042 704 1240 753 profectus
1270 709 1338 749 est,
1368 715 1453 751 pro-

125 776 343 807 curatorem
372 771 526 808 Romae
556 768 721 819 reliquit.
781 770 832 806 Et
860 769 994 816 audes,
1023 770 1110 807 Sex.
1144 767 1280 815 Naevi,
1310 781 1450 817 negare
1470 774 1522 802 20

123 834 328 873 absentem
359 835 565 873 defensum
596 848 681 873 esse
712 833 956 883 Quinctium,
990 848 1080 872 cum
1111 848 1203 873 eum
1232 833 1453 873 defenderit

123 898 229 939 idem
261 899 329 950 qui
363 908 401 939 te
435 901 620 939 solebat?
658 908 707 948 et,
744 914 836 938 cum
867 899 898 938 is
934 899 1124 938 iudicium
1157 900 1353 950 acceperit
1383 913 1452 949 pro

124 964 314 1014 Quinctio
334 965 397 1004 cui
419 974 460 1005 tu
480 973 518 1005 et
540 979 620 1005 rem
642 972 681 1005 et
700 967 845 1004 famam
871 973 978 1004 tuam
1001 967 1281 1004 commendare
1303 965 1453 1016 profici-

123 1043 237 1069 scens
263 1038 302 1070 et
328 1032 566 1070 concredere
595 1031 761 1078 solebas,
791 1030 944 1070 conaris
974 1032 1051 1069 hoe
1081 1031 1224 1078 dicere,
1251 1031 1451 1070 neminem

124 1094 314 1134 exstitisse
336 1094 403 1145 qui
425 1095 656 1144 Quinctium
677 1094 826 1134 iudicio
847 1097 1106 1134 defenderet?

179 1160 482 1206 ‘Postulabam,'
499 1159 638 1210 inquit,
666 1164 729 1198 ‘ut
744 1160 836 1198 satis
853 1161 988 1199 daret.’
1047 1159 1194 1199 Iniuria
1211 1161 1448 1211 postulabas.
1472 1165 1511 1204 63

121 1227 130 1244 ‘
148 1226 208 1263 Ita
224 1224 412 1264 iubebare
424 1226 432 1242 '
448 1239 457 1273 3
488 1225 693 1264 recusabat
706 1227 884 1264 Alfenus.
945 1229 952 1246 ‘
970 1227 1042 1273 Ita,
1060 1240 1194 1265 verum
1213 1235 1367 1277 praetor
1388 1229 1452 1266 de-

120 1290 569 1330 cernebat.’-Tribuni
589 1290 703 1341 igitur
721 1291 1108 1342 appellabantur.-—‘
1126 1291 1206 1330 Hic
1228 1294 1289 1340 te,'
1311 1292 1447 1344 inquit,

125 1358 261 1394 ‘teneo
279 1369 288 1404 ς
317 1369 398 1394 non
427 1363 486 1394 est
516 1355 621 1395 istud
646 1356 783 1394 izcdscz'o
802 1356 883 1406 pati
904 1370 1034 1407 neque
1055 1356 1202 1396 iudicio
1224 1359 1446 1405 defendere,

63 1436 77 1458 2
122 1434 212 1459 cum
232 1420 419 1460 auxilium
440 1436 462 1460 a
481 1421 645 1461 tribunis
666 1423 802 1472 petas.'
866 1424 960 1461 Hoc
982 1436 1065 1473 ego,
1085 1436 1175 1461 cum
1192 1425 1355 1462 attendo
1371 1438 1451 1474 qua

120 1485 329 1537 prudentia
355 1486 405 1525 sit
430 1486 681 1534 Hortensius,
704 1487 900 1526 dicturum
927 1501 1014 1526 esse
1045 1502 1134 1526 eum
1165 1502 1243 1526 non
1273 1488 1446 1527 arbitror.

121 1553 224 1591 Cum
246 1560 378 1592 autem
399 1560 515 1593 antea
536 1552 680 1592 dixisse
700 1553 820 1593 audio
841 1561 878 1592 et
900 1567 1058 1592 causam
1080 1553 1204 1604 ipsam
1226 1554 1445 1601 considero,

120 1616 215 1667 quid
236 1617 342 1656 aliud
363 1617 493 1657 dicere
513 1618 635 1668 possit
658 1632 737 1657 non
758 1618 920 1669 reperio.
982 1621 1140 1658 Fatetur
1167 1618 1270 1657 enim
1293 1619 1446 1658 libellos

120 1683 307 1721 Alfenum
336 1682 536 1730 deiecisse,
565 1683 836 1723 vadimonium
863 1684 1099 1735 promisisse,
1130 1684 1319 1723 iudicium
1351 1685 1445 1735 quin

119 1746 314 1798 acciperet
328 1747 366 1786 in
381 1763 426 1787 ea
440 1748 523 1798 ipsa
538 1749 654 1788 verba
668 1763 770 1799 quae
786 1750 960 1789 Naevius
978 1750 1120 1789 edebat
1135 1764 1215 1789 non
1234 1763 1442 1797 recusasse,

118 1809 171 1850 ita
209 1820 352 1861 tamen,
395 1828 502 1853 more
540 1822 579 1853 et
615 1814 806 1862 instituto,
844 1828 912 1865 per
944 1829 1034 1853 eum
1072 1815 1337 1866 magistratum
1379 1815 1445 1865 qui

116 1877 233 1915 auxili
250 1892 367 1918 causa
382 1878 619 1919 constitutus
633 1888 702 1919 est.
763 1882 844 1919 Aut
861 1881 957 1919 haec
976 1881 1076 1919 sacta
1093 1895 1172 1919 non
1191 1882 1267 1919 sint
1284 1895 1444 1919 necesse
1464 1884 1505 1922 64

160 1994 179 2021 3
205 1982 321 2024 negat]
342 1988 474 2014 recusat
491 1982 540 2014 Bc
648 1983 698 2014 vis
714 1983 898 2024 promittit]
916 1984 1140 2024 compromitti
1161 1987 1184 2016 Σ
1287 1991 1384 2015 vocat
1401 1985 1444 2024 bx

117 2037 133 2064 4
162 2026 308 2065 postulat
323 2026 380 2065 Βχ
519 2029 540 2058 6
562 2026 706 2058 electum
726 2032 773 2067 Σχ
788 2038 793 2058 z
820 2027 961 2058 eiectum
979 2032 1044 2059 cett.
1195 2038 1210 2066 7
1238 2029 1386 2058 divitisb‘
1401 2041 1417 2066 χ
1435 2040 1442 2059 2

116 2069 256 2100 devictis
276 2071 336 2109 (di-
353 2070 400 2111 bl)
421 2070 476 2100 Σὺ]
498 2082 503 2101 :
528 2071 651 2102 diutius
668 2072 698 2103 ‘a‘
866 2081 903 2102 12
927 2071 1095 2110 acceperit
1113 2072 1142 2103 ‘2—
1161 2083 1166 2101 :
1190 2072 1357 2110 acciperet
1376 2076 1440 2102 cell.

119 2122 157 2152 13
182 2118 215 2144 et
232 2124 300 2144 rem
319 2118 352 2144 et
368 2112 437 2145 cdd.
462 2113 544 2144 VR:
569 2124 638 2145 rem
656 2119 689 2146 et
706 2114 744 2145 b:
769 2119 803 2145 et
821 2125 891 2145 rem
911 2127 935 2154 χ
951 2126 1017 2155 mg.
1037 2126 1042 2145 :
1067 2120 1213 2146 veterem
1240 2120 1273 2145 et
1301 2119 1381 2155 (0111.
1410 2121 1443 2145 et

115 2158 154 2194 χ)
173 2160 221 2197 Σχ
242 2157 288 2195 (ct
306 2157 426 2187 samam
445 2162 532 2189 tuam
550 2162 584 2189 et
601 2168 670 2189 rem
687 2159 733 2199 (τ’)
842 2160 879 2189 16
904 2159 999 2189 daret
1016 2158 1207 2198 Naugerius
1247 2169 1256 2188 1
1293 2170 1298 2187 :
1323 2159 1442 2188 darent

116 2203 138 2229 Σ
156 2210 162 2229 :
187 2200 322 2231 daretur
339 2204 402 2231 cett.
530 2212 565 2241 17
593 2202 751 2233 iubebare
768 2201 942 2233 Ilolomcm
961 2202 1017 2241 (cf.
1036 2204 1051 2239 §
1071 2212 1113 2240 3ο
1146 2213 1151 2231 ;
1176 2201 1332 2232 videbare
1351 2201 1436 2231 (odd.

118 2251 156 2282 19
180 2242 300 2275 iudicio
317 2244 422 2284 suppl.
439 2244 535 2276 Klotz
551 2257 557 2276 ι
582 2246 738 2277 iudicium
756 2246 862 2285 suppl.
875 2245 1040 2285 Angelt'ns
1056 2246 1106 2284 *x'jf-
1126 2249 1139 2281 ,Ε
1158 2247 1210 2283 87.
1231 2245 1321 2275 Vcrr.
1337 2245 1370 2275 ii.
1382 2248 1439 2281 60)

115 2295 157 2316 20
180 2296 197 2316 a
215 2297 280 2318 ont.
299 2291 321 2317 Σ
424 2298 497 2319 cum
518 2292 560 2319 Σ;
594 2294 703 2320 tecum
724 2294 770 2328 rte
795 2299 881 2328 cum,
901 2292 967 2320 cell.
1061 2299 1100 2326 24
1127 2288 1291 2319 deiecisse
1308 2289 1348 2319 b:
1373 2288 1441 2318 dei-

115 2338 209 2360 casse
226 2333 270 2362 Σ;
295 2330 429 2362 dedisse
445 2331 503 2372 χῖ
