1716 2662
54 492 73 525 5

40 820 78 843 10

42 1144 79 1176 15

46 1471 83 1493 20

327 108 399 145 DE
432 108 578 145 LEGE
610 108 866 145 AGRARIA
898 107 1113 144 ORATIO
1146 109 1187 144 ΙΙ
1390 117 1413 152 3

91 219 155 258 illa
188 231 274 258 mea
306 219 483 258 oratione
519 217 712 257 Kalendis
746 218 937 257 Ianuariis
968 217 1058 256 dixi.
1131 218 1273 268 Neque
1311 216 1418 256 enim

92 284 172 322 ullo
202 284 323 322 modo
344 285 471 322 facere
492 297 653 334 possum
674 291 728 331 ut,
750 296 843 322 cum
863 296 926 321 me
951 283 1174 333 intellegam
1195 295 1275 321 non
1296 283 1421 321 homi-

92 362 187 386 num
209 348 429 398 potentium
453 349 596 396 studio,
618 361 700 386 non
721 348 1003 387 excellentibus
1032 347 1163 398 gratiis
1190 359 1418 398 paucorum,

92 414 162 452 sed
182 413 351 452 universi
381 413 516 464 populi
545 413 718 452 Romani
739 413 887 452 iudicio
906 414 1111 452 consulem
1131 412 1184 450 ita
1210 413 1358 451 factum
1378 419 1422 451 ut

92 477 346 516 nobilissimis
376 477 603 517 hominibus
630 480 747 528 longe
781 490 1051 528 praeponerer,
1087 478 1169 516 no'n
1198 486 1237 517 et
1273 477 1313 516 in
1343 478 1422 517 hoc

94 542 318 594 magistratu
340 551 377 582 et
399 542 437 581 in
459 543 567 582 omni
589 542 667 581 vita
686 544 820 582 videar
838 556 923 581 esse
942 542 1152 594 popularis.
1226 543 1304 582 Sed
1325 541 1421 581 mihi

93 608 143 646 ad
182 607 297 646 huius
327 609 434 646 verbi
459 608 536 646 vim
572 616 611 647 et
645 607 1006 658 interpretationem
1039 609 1292 646 vehementer
1323 620 1423 658 opus

94 682 152 712 est
181 680 307 712 vestra
336 673 536 724 sapientia.
596 674 783 712 Versatur
811 673 918 711 enim
948 686 1113 724 magnus
1143 686 1247 711 error
1266 680 1425 723 propter

95 737 303 777 insidiosas
342 752 423 777 non
462 739 662 777 nullorum
700 738 972 776 simulationes
1020 738 1097 789 qui,
1149 751 1240 777 cum
1288 737 1424 788 populi

95 818 177 843 non
215 805 342 842 solum
377 805 591 843 commoda
618 817 753 842 verum
780 803 898 842 etiam
929 805 1094 842 salutem
1127 810 1357 853 oppugnant
1385 810 1424 841 et

96 869 328 919 impediunt,
351 869 528 907 oratione
553 868 719 918 adsequi
739 870 877 907 volunt
904 876 947 907 ut
977 870 1186 919 populares
1213 882 1298 907 esse
1321 867 1425 906 vide-

95 942 220 973 antur.
280 936 366 983 Ego
386 936 543 984 qualem
567 934 759 972 Kalendis
789 933 980 972 Ianuariis
1000 933 1217 984 acceperim
1248 947 1329 972 rem
1359 946 1426 983 pu-

97 1000 252 1046 blicam,
291 998 475 1048 Quirites,
515 998 710 1049 intellego,
746 1000 905 1049 plenam
944 998 1231 1046 sollicitudinis,
1267 1000 1426 1049 plenam

98 1064 275 1113 timoris,·
315 1064 355 1102 in
386 1077 464 1114 qua
497 1063 595 1102 nihil
629 1071 711 1102 erat
751 1064 856 1111 mali,
890 1063 987 1101 nihil
1021 1063 1174 1103 adversi
1206 1064 1314 1114 quod
1345 1077 1427 1101 non

100 1129 193 1168 boni
229 1137 458 1175 metuerent,
487 1128 658 1179 improbi
689 1136 959 1179 exspectarent
975 1143 985 1177 ,-
1032 1129 1166 1167 omnia
1203 1129 1428 1167 turbulenta

100 1194 262 1233 consilia
283 1202 418 1233 contra
447 1195 553 1233 hunc
574 1194 627 1233 rei
648 1194 831 1245 publicae
856 1202 1001 1232 statum
1032 1202 1070 1233 et
1100 1201 1237 1232 eontra
1255 1201 1426 1232 vestrum

100 1259 224 1298 otium
253 1259 393 1310 partim
416 1259 511 1306 iniri,
536 1259 676 1310 partim
696 1259 811 1298 nobis
832 1258 1062 1298 consulibus
1092 1258 1304 1309 designatis
1334 1257 1429 1296 inita

101 1338 185 1363 csse
206 1324 464 1372 dicebantur,-
492 1325 646 1363 sublata
667 1332 747 1363 erat
777 1325 827 1362 de
852 1325 935 1363 foro
957 1325 1055 1363 fides
1081 1337 1161 1362 non
1188 1323 1268 1362 ictu
1296 1323 1429 1373 aliquo

102 1403 227 1429 novae
257 1389 498 1437 calamitatis,
523 1391 592 1428 scd
623 1389 848 1440 suspicione
871 1403 917 1428 ac
944 1389 1239 1440 perturbatione
1269 1388 1430 1427 iudicio-

102 1469 199 1503 rum,
253 1455 516 1493 infirmatione
565 1468 693 1493 rerum
743 1454 1001 1493 iudicatarum
1016 1469 1026 1503 3
1082 1468 1207 1493 novae
1255 1453 1432 1492 domina-

103 1520 242 1568 tiones,
275 1518 578 1558 extraordinaria
599 1533 679 1558 non
708 1518 880 1570 imperia,
915 1520 985 1558 sed
1014 1532 1132 1569 regna
1163 1518 1297 1569 quaeri
1324 1526 1432 1569 puta-

104 1587 256 1624 bantur³
317 1586 432 1634 Quae
461 1599 551 1623 cum
583 1598 657 1634 ego
686 1599 767 1624 non
798 1587 925 1623 solum
957 1584 1183 1635 suspicarer,
1216 1585 1285 1623 sed
1315 1585 1431 1634 plane

105 1664 491 1701 cernerem-neque
520 1650 626 1689 enim
647 1651 813 1689 obscure
843 1649 1212 1701 gerebantur—-dixi
1232 1650 1272 1687 in
1293 1657 1430 1688 senatu

106 1717 145 1754 in
167 1717 244 1755 hoc
263 1715 490 1766 magistratu
511 1729 575 1753 me
596 1717 827 1765 popularem
855 1716 1059 1753 consulem
1087 1715 1271 1753 futurum.
1323 1702 1431 1763 Q⁰uid

107 1783 212 1822 enirn
233 1791 291 1821 est
307 1791 386 1820 tam
408 1783 596 1832 populare
623 1796 741 1831 quam
763 1784 867 1832 pax?
896 1795 973 1832 qua
994 1795 1074 1819 nor:-
1092 1782 1212 1819 modo
1233 1781 1268 1819 ei
1289 1781 1432 1831 quibus

107 1856 244 1886 natura
272 1860 432 1886 sensum
453 1847 562 1886 dedit
584 1849 652 1885 secl
674 1847 791 1885 etiam
813 1855 917 1886 tecta
944 1855 1064 1897 atque
1084 1846 1164 1897 agri
1184 1846 1281 1884 mihi
1300 1845 1433 1884 laetari

107 1913 297 1951 videntur.
358 1911 467 1961 Quid
497 1920 576 1950 tam
606 1914 796 1962 populare
826 1926 945 1962 quam
976 1911 1166 1950 libertas?
1204 1925 1323 1961 quam
1352 1924 1433 1950 non

109 1979 235 2015 solum
273 1977 324 2015 ab
362 1976 590 2014 horninibus
622 1991 756 2015 verum
789 1977 906 2015 etiam
934 1990 957 2015 a
990 1976 1123 2015 bestiis
1155 1975 1283 2027 expeti
1316 1983 1434 2026 atque

109 2041 294 2081 omnibus
315 2042 429 2080 rebus
450 2041 638 2092 anteponi
658 2041 809 2080 videtis.
870 2041 978 2090 Quid
1008 2049 1086 2080 tam
1108 2043 1296 2091 populare
1315 2054 1433 2092 quam

158 2146 170 2166 1
198 2135 287 2166 enim
313 2134 396 2175 ullo]
424 2135 515 2166 nullo
540 2134 572 2164 E
685 2146 704 2165 2
729 2135 828 2165 modo
853 2145 990 2174 possum
1015 2145 1089 2165 cum
1120 2134 1308 2164 Torrentius
1415 2135 1437 2163 6

111 2179 226 2210 videar
249 2178 395 2219 supplevi
545 2188 620 2208 esse
643 2178 855 2208 Torrentiusz
880 2188 989 2209 essem
1007 2177 1095 2208 codd.
1246 2188 1262 2217 7
1287 2177 1379 2208 verbi
1403 2177 1434 2215 k,

111 2221 298 2262 Angelius:
333 2232 397 2253 om.
425 2225 489 2252 cett.
518 2222 570 2260 (cf.
600 2225 614 2260 ξ
635 2223 691 2263 70)
824 2223 845 2252 8
868 2222 975 2262 enim]
1001 2223 1089 2252 enim
1111 2221 1143 2250 in
1162 2230 1203 2250 eo
1223 2219 1438 2251 Lambinus:

113 2266 201 2297 enim
220 2266 253 2296 in
272 2275 307 2295 re
325 2275 357 2305 p.
376 2267 453 2296 coni.
475 2264 599 2295 Miiller
718 2266 756 2296 15
779 2266 882 2296 otium
899 2271 1046 2297 vestrum
1064 2265 1097 2295 E
1210 2274 1248 2303 19
1272 2263 1328 2304 ac]
1347 2269 1437 2294 metu

112 2309 217 2349 suppl.
237 2307 401 2339 Geblzardt
487 2319 528 2348 23
553 2309 693 2339 obscure
709 2309 798 2339 enim
816 2309 848 2339 E
950 2320 989 2348 24
1016 2307 1186 2339 consulem
1206 2307 1263 2338 dcl.
1282 2306 1437 2345 Karsten,

113 2351 278 2392 Zielinski,
293 2357 326 2392 p.
346 2363 411 2383 200
499 2362 541 2393 25
565 2353 654 2383 enim
672 2350 738 2391 est]
757 2353 845 2383 enim
863 2353 915 2384 E:
940 2356 992 2384 cst
1009 2353 1098 2384 enim
1115 2363 1130 2382 e
1219 2352 1268 2382 eis
1285 2351 1338 2382 N:
1353 2351 1438 2390 sort.

114 2396 266 2428 homines
286 2396 397 2435 (ὴόἶὲεῗ

158 2449 220 2472 cic.
243 2450 284 2470 DE
304 2450 386 2470 ianr:
403 2450 484 2470 AGR.
1322 2436 1341 2464 ⁴.)

1435 110 1454 142 6

1439 225 1456 262 7

1445 937 1464 968 8

1449 1562 1476 1599 4
