1747 2620
178 91 238 136 »10
262 86 301 119 26
624 83 679 120 M.
712 83 879 121 TVLLI
910 83 1218 122 CICERONIS

258 194 311 232 Vt
335 192 371 232 ei
398 194 593 232 xviratum
624 194 796 232 habeant
826 207 926 244 quos
956 194 1069 244 plebs
1096 195 1367 244 designaverit.
1428 194 1586 235 Oblitus

258 265 316 297 est
345 260 474 297 nullos
503 273 526 297 a
560 259 676 309 plebe
705 258 914 309 designari.
970 260 1022 297 Et
1052 260 1083 297 is
1113 260 1249 298 orbem
1281 267 1467 299 terrarum
1497 275 1587 299 con-

258 322 409 373 stringit
430 322 542 361 novis
569 322 720 373 legibus
748 322 826 372 qui,
851 324 959 373 quod
987 323 1026 361 in
1047 325 1225 363 secundo
1251 325 1379 375 capite
1399 326 1587 376 scriptum

257 395 326 435 est,
351 401 431 426 non
454 387 632 426 meminit
653 387 693 435 in
714 387 859 426 tertio?
902 390 1036 438 Atque
1056 389 1120 427 hic
1140 389 1391 440 perspicuum
1413 398 1470 429 est
1491 392 1587 441 quid

257 452 348 491 iuris
380 467 403 491 a
434 452 647 491 maioribus
679 452 919 503 acceperitis,
949 455 1046 504 quid
1079 454 1130 493 ab
1162 456 1238 493 hoc
1270 455 1429 495 tribuno
1460 456 1587 506 plebis
1607 469 1625 500 5

200 531 236 558 11
256 518 368 557 vobis
402 518 653 569 relinquatur.
714 518 886 558 Maiores
920 520 971 558 de
1005 519 1167 570 singulis
1201 520 1489 572 magistratibus
1528 522 1587 561 bis

256 597 326 623 vos
355 584 591 623 sententiam
621 585 718 623 ferre
748 586 964 624 voluerunt.
1025 587 1130 624 Nam
1161 599 1251 624 cum
1282 586 1497 626 centuriata
1527 589 1588 627 lex

256 650 486 689 censoribus
525 650 730 698 ferebatur,
771 664 862 689 cum
901 650 1049 690 curiata
1087 652 1225 690 ceteris
1263 652 1433 702 patriciis
1472 653 1589 704 magi-

256 715 450 762 stratibus,
475 724 558 755 tum
580 718 719 755 iterum
742 718 792 756 de
813 716 962 756 eisdem
992 717 1249 765 indicabatur,
1273 725 1316 756 ut
1342 727 1444 758 esset
1464 733 1588 770 repre-

257 782 458 820 hendendi
505 790 689 832 potestas,
731 784 761 821 si
807 785 998 833 populum
1045 783 1212 822 benefici
1254 784 1313 822 sui
1359 784 1584 834 paeniteret.
1610 799 1648 820 10

198 858 236 891 ²7
258 848 386 895 Nunc,
423 847 611 896 Quirites,
645 847 770 898 prima
808 848 872 886 illa
912 848 1071 886 comitia
1111 848 1262 896 tenetis,
1296 851 1513 888 centuriata
1550 858 1588 889 et

255 913 409 960 tributa,
451 913 597 952 curiata
638 921 791 952 tantum
840 913 1104 964 auspiciorum
1144 927 1262 953 causa
1305 923 1586 954 remanserunt.

257 977 337 1015 Hic
356 985 489 1017 autem
511 979 690 1018 tribunus
708 978 833 1029 plebis
851 979 942 1029 quia
960 978 1119 1018 videbat
1134 986 1371 1029 potestatem
1388 980 1587 1019 neminem

254 1042 402 1082 iniussu
424 1044 560 1095 populi
581 1052 648 1083 aut
669 1044 795 1095 plebis
816 1058 933 1094 posse
954 1044 1109 1091 habere,
1133 1044 1288 1082 curiatis
1310 1058 1396 1084 eam
1418 1045 1586 1084 comitiis

254 1122 355 1159 quae
384 1123 452 1148 vos
487 1124 566 1149 non
602 1110 706 1149 initis
738 1109 994 1156 confirmavit,
1018 1109 1163 1148 tributa
1192 1124 1294 1160 quae
1323 1117 1449 1148 vestra
1477 1118 1587 1149 erant
1609 1125 1647 1157 15

253 1175 418 1213 sustulit.
479 1177 540 1214 Ita
568 1190 658 1215 cum
689 1175 855 1215 maiores
885 1176 988 1215 binis
1018 1175 1186 1214 comitiis
1217 1176 1410 1215 voluerint
1438 1190 1508 1215 vos
1537 1178 1588 1216 de

254 1240 415 1291 singulis
435 1242 724 1292 magistratibus
746 1242 928 1289 iudicare,
953 1241 1016 1280 hic
1037 1243 1158 1280 homo
1179 1241 1377 1292 popularis
1398 1256 1447 1281 ne
1468 1256 1588 1281 unam

198 1317 236 1347 28
256 1307 417 1357 quidem
438 1310 587 1358 populo
608 1308 858 1347 comitiorum
879 1315 1116 1358 potestatem
1138 1307 1303 1357 reliquit.
1364 1309 1442 1346 Sed
1458 1308 1588 1346 videte

255 1372 426 1410 hominis
448 1373 675 1423 religionem
700 1381 738 1411 et
759 1373 1015 1424 diligentiam.
1074 1372 1184 1411 Vidit
1215 1380 1252 1411 et
1282 1373 1476 1423 perspexit
1504 1374 1587 1413 sine

254 1438 402 1477 curiata
423 1440 508 1490 lege
534 1439 665 1478 xviros
695 1446 932 1490 potestatem
962 1438 1108 1477 habere
1137 1452 1218 1476 non
1248 1452 1374 1488 posse,
1398 1439 1585 1488 quoniam
1607 1451 1647 1473 20

254 1517 323 1554 per
350 1517 441 1542 V1111
475 1504 598 1543 tribus
635 1509 764 1543 essent
798 1503 1030 1551 constituti;
1059 1502 1168 1541 iubet
1190 1505 1286 1542 ferre
1308 1505 1357 1542 de
1379 1503 1438 1542 his
1460 1505 1585 1554 legem

254 1569 441 1608 curiatam
460 1584 469 1619 3
497 1570 666 1620 praetori
686 1570 860 1620 imperat.
925 1571 1056 1618 Quam
1079 1568 1118 1607 id
1140 1568 1269 1619 ipsum
1290 1570 1472 1617 absurde,
1491 1570 1587 1608 nihil

254 1637 305 1674 ad
336 1650 398 1675 me
426 1636 575 1675 attinet.
638 1637 754 1674 Iubet
783 1636 900 1684 enim,
925 1635 992 1685 qui
1021 1635 1170 1684 primus
1201 1634 1248 1672 sit
1276 1642 1430 1685 praetor
1451 1637 1586 1683 factus,

255 1716 346 1740 eum
385 1703 511 1753 legem
550 1702 737 1740 curiatam
776 1703 898 1745 [ειη-ες
942 1700 1002 1739 sin
1034 1700 1065 1738 is
1100 1702 1197 1738 ferre
1232 1714 1312 1760 non
1352 1700 1485 1750 possit,
1521 1701 1585 1751 qui

255 1775 474 1817 postremus
507 1767 564 1814 sit,
600 1775 641 1805 ut
675 1775 741 1806 aut
776 1767 913 1805 lusisse
948 1766 987 1804 in
1023 1766 1140 1805 tantis
1170 1766 1285 1804 rebus
1315 1774 1382 1805 aut
1412 1769 1587 1817 profecto
1610 1781 1647 1812 25

256 1832 391 1871 nescio
420 1832 515 1883 quid
545 1840 743 1883 spectasse
771 1832 958 1871 videatur.
1018 1833 1167 1869 Verum
1198 1832 1273 1869 hoc
1301 1833 1408 1881 quod
1437 1839 1494 1870 est
1521 1840 1588 1870 aut

300 1946 319 1966 2
344 1936 566 1976 designaretis
582 1936 698 1966 orbem
716 1936 762 1966 Ec
898 1946 917 1974 3
941 1936 1100 1975 quicquid
1118 1935 1150 1966 in
1168 1935 1255 1966 codd.
1273 1948 1280 1966 ε
1305 1946 1382 1967 corr.
1401 1935 1589 1967 Lambinus

256 1981 277 2009 6
301 1980 456 2020 singulis]
477 1980 634 2010 omnibus
653 1980 689 2009 N
799 1991 814 2018 7
840 1990 901 2010 nos
918 1980 955 2010 N
1068 1990 1102 2009 11
1130 1979 1236 2020 nunc]
1256 1990 1330 2010 nam
1349 1979 1402 2010 E:
1426 1985 1540 2011 nostra
1557 1979 1593 2009 N

257 2023 407 2061 Quirites
425 2022 510 2063 Lag.
526 2034 558 2062 9y
576 2023 707 2056 Baiter:
733 2024 810 2063 quia
829 2028 908 2063 (Nom.
930 2025 957 2061 εἴ)
977 2028 1040 2054 cett.
1163 2024 1219 2054 illa
1237 2023 1344 2063 prima
1361 2023 1393 2054 E
1550 2035 1586 2062 14

257 2078 329 2098 cam
349 2067 593 2098 Laurea'arms:
618 2079 656 2098 ea
674 2068 762 2099 codd.
939 2077 977 2106 15
1003 2068 1112 2098 sinitis
1128 2067 1215 2098 codd.
1237 2079 1243 2097 :
1268 2078 1345 2098 corr.
1368 2067 1588 2098 Lauredanus

260 2113 299 2141 16
322 2110 408 2141 binis
440 2111 507 2144 Ee:
546 2113 645 2143 huius
675 2116 739 2143 cell.
843 2112 1021 2142 voluerunt
1053 2111 1167 2143 codd:
1204 2122 1281 2142 corr.
1317 2110 1508 2151 Naugerius
1537 2112 1584 2149 (Γ)

257 2165 299 2185 20
324 2160 445 2194 potest.
474 2156 600 2187 habere
625 2155 726 2187 EeN:
761 2156 884 2187 habere
914 2161 981 2195 pot.
1010 2159 1073 2188 celi.
1240 2165 1277 2184 :21
1305 2155 1383 2185 set-ri
1410 2154 1587 2186 Manutius

258 2199 367 2237 legem
385 2200 426 2229 de
444 2200 496 2231 his
514 2200 547 2231 E
675 2212 716 2231 22
740 2200 960 2232 centuriatam
978 2199 1063 2230 codd.
1083 2211 1089 2229 :
1114 2210 1192 2230 corr.
1210 2198 1257 2229 ed.
1278 2197 1422 2237 Hervag.
1547 2208 1587 2236 23

258 2243 345 2272 enim
363 2254 428 2274 om.
449 2244 486 2273 N
589 2256 627 2284 24
653 2245 680 2275 si
705 2243 804 2275 EcM¹
897 2248 1013 2283 posset
1028 2243 1115 2275 codd.
1136 2254 1141 2275 :
1169 2253 1248 2274 corr.
1266 2240 1442 2273 Manutius
1546 2251 1587 2281 25

259 2291 315 2317 aut
332 2298 397 2317 om.
419 2286 477 2317 Mo
