1747 2620
187 115 239 154 35
258 112 299 144 86
630 107 687 144 M.
718 106 887 143 TVLLI
920 105 1227 144 CICERONIS

193 223 236 255 86

188 1305 241 1352 36

198 1367 239 1407 ὃ7

311 217 420 267 Quid
454 217 647 264 avaritiae,
682 231 784 268 quae
819 216 1050 255 criminibus
1089 215 1250 254 infinitis
1283 215 1483 267 implicata
1516 223 1585 264 est,

255 296 451 321 summam
487 297 594 322 nunc
630 282 860 332 explicem?
935 281 1162 320 Generatim
1195 294 1241 319 ea
1279 294 1380 331 quae
1419 279 1588 320 maxime

255 356 349 386 nota
369 356 459 386 sunt
481 347 626 387 dicam.
684 349 830 385 Nonne
857 346 1078 386 sestertium
1105 346 1281 384 centiens
1309 354 1347 384 et
1373 345 1585 396 octogiens‚

254 414 363 463 quod
393 412 503 463 quasi
535 412 658 450 vasari
686 413 848 450 nomine
877 411 915 449 in
947 410 1175 450 venditione
1204 410 1280 449 mei
1311 410 1448 461 capitis
1477 410 1590 448 ascri-

253 492 395 530 pseras,
411 492 457 517 ex
473 477 621 516 aerario
637 477 707 516 tibi
724 478 954 516 attributum
971 479 1124 515 Romae
1140 475 1179 514 in
1197 483 1362 526 quaestu
1377 474 1589 525 reliquisti?

255 546 411 593 Nonne,
434 558 525 583 cum
551 556 600 583 CC
628 545 774 582 talenta
801 543 872 581 tibi
897 542 1174 593 Apolloniatae
1206 544 1361 580 Romae
1387 541 1590 580 dedissent

254 624 306 649 ne
342 610 529 661 pecunias
568 609 736 648 creditas
771 610 976 655 solverent,
1020 610 1122 647 ultro
1160 607 1373 654 Fufidium,
1416 606 1589 657 equitem

256 679 495 725 Romanum,
518 675 722 714 hominem
751 674 1055 722 ornatissimum,
1081 674 1317 712 creditorem
1345 672 1590 712 debitoribus

254 742 334 781 suis
363 741 576 781 addixisti?
635 743 794 790 Nonne,
830 740 995 779 hiberna
1029 753 1119 778 cum
1153 740 1280 790 legato
1312 740 1590 789 praefectoque

256 816 324 847 tuo
344 808 585 857 tradidisses,
605 809 774 847 evertisti
798 807 957 847 miseras
979 807 1155 846 funditus
1177 807 1364 854 civitates,
1387 821 1488 857 quae
1508 820 1588 845 non

255 875 383 913 solum
415 873 530 912 bonis
565 881 656 912 sunt
691 875 903 912 exhaustae
935 874 1005 911 sed
1037 872 1153 911 etiam
1186 872 1351 911 nefarias
1380 871 1590 911 libidinum

255 938 516 977 contumelias
550 938 893 989 turpitudinesque
933 937 1174 977 subierunt?
1225 937 1304 986 Qui
1338 939 1482 976 modus
1521 937 1590 976 tibi

258 1004 327 1043 fuit
359 1003 542 1042 frumenti
572 1003 818 1050 aestimandi,
854 1002 920 1053 qui
954 1002 1181 1042 honorarii?
1210 1001 1241 1041 si
1272 1002 1434 1053 quidem
1462 1010 1592 1053 potest

257 1070 293 1108 vi
328 1077 366 1108 et
402 1078 508 1109 metu
544 1077 739 1108 extortum
779 1068 1033 1107 honorarium
1073 1067 1280 1107 nominari.
1340 1069 1462 1117 Quod
1500 1082 1591 1106 cum

258 1150 453 1187 peraeque
481 1148 630 1182 omnes,
655 1142 736 1173 tum
765 1133 1018 1173 acerbissime
1046 1133 1225 1181 Bottiaei,
1258 1132 1444 1184 Byzantii,
1474 1134 1592 1173 Cher-

259 1215 461 1248 ronensus‚
499 1200 786 1240 Thessalonica
825 1199 957 1238 sensit.
1028 1201 1141 1237 Vnus
1176 1207 1217 1237 tu
1258 1198 1453 1244 dominus,
1491 1213 1593 1236 unus

260 1268 494 1314 aestimator,
528 1281 630 1305 unus
661 1265 842 1305 venditor
872 1274 954 1304 tota
986 1265 1023 1303 in
1055 1265 1255 1316 provincia
1286 1278 1352 1315 per
1382 1264 1591 1303 triennium

262 1333 444 1372 frumenti
477 1332 607 1371 omnis
640 1331 754 1370 fuisti.
831 1331 939 1380 Quid
970 1345 1042 1382 ego
1073 1345 1199 1370 rerum
1227 1330 1451 1380 capitalium
1479 1345 1594 1380 quae-

260 1399 418 1447 stiones,
430 1412 582 1437 reorum
599 1398 812 1449 pactiones,
829 1397 1132 1448 redemptiones,
1149 1396 1419 1435 acerbissimas
1437 1397 1595 1435 damma-

261 1466 398 1512 tiones,
438 1464 780 1504 libidinosissimas
825 1463 1076 1502 liberationes
1128 1464 1353 1514 proferam?
1420 1464 1629 1500 Tantum:

261 1532 391 1568 locum
421 1529 593 1580 aliquem
624 1544 714 1568 cum
747 1528 842 1567 mihi
871 1536 1008 1567 notum
1031 1542 1115 1567 esse
1151 1527 1331 1575 senseris,
1350 1535 1482 1566 tecum
1513 1525 1594 1577 ipse

260 1596 393 1635 licebit
414 1603 510 1646 quot
532 1595 571 1634 in
593 1609 641 1635 eo
668 1609 810 1645 genere
839 1603 875 1633 et
904 1602 1052 1645 quanta
1082 1593 1159 1632 sint
1189 1592 1352 1632 crimina
1380 1593 1592 1631 recordere.

262 1661 408 1710 Quid?
450 1661 556 1699 illam
590 1674 789 1699 armorum
825 1661 1023 1698 officinam
1059 1658 1202 1709 ecquid
1242 1657 1467 1704 recordaris,
1504 1671 1594 1696 cum

262 1726 371 1765 omni
412 1726 530 1765 totius
571 1725 796 1776 provinciae
829 1739 970 1776 pecore
1003 1726 1210 1774 compulso
1240 1723 1399 1774 pellium
1434 1722 1594 1761 nomine

263 1805 422 1832 omnem
463 1799 670 1841 quaestum
712 1790 821 1828 illum
857 1789 1120 1828 domesticum
1161 1796 1447 1839 paternumque
1486 1801 1594 1826 reno-

263 1857 390 1895 vasti?
445 1855 611 1894 Videras
633 1855 736 1893 enim
759 1854 916 1904 grandis
939 1854 1013 1892 iam
1037 1867 1133 1903 puer
1160 1854 1264 1892 bello
1292 1853 1430 1891 Italico
1457 1852 1593 1902 repleri

264 1929 428 1973 quaestu
460 1928 627 1959 vestram
663 1922 839 1967 domum,
870 1933 959 1958 cum
993 1927 1102 1969 pater
1133 1918 1249 1957 armis
1285 1917 1473 1956 faciendis
1506 1925 1594 1956 tuus

312 2038 322 2057 1
351 2026 512 2067 implicita
529 2025 689 2056 Priscian.
712 2026 755 2055 ix.
776 2035 815 2064 37
970 2026 991 2054 6
1014 2034 1032 2054 c
1049 2023 1081 2054 E
1197 2022 1421 2063 apolloniatae
1440 2022 1529 2062 (-ini-
1547 2021 1592 2057 E)

264 2071 319 2110 Eg
335 2082 341 2102 :
366 2070 546 2110 apollinate
564 2073 626 2100 cett.
790 2080 828 2099 10
844 2073 900 2099 tuo
919 2068 964 2098 Ee
980 2079 986 2098 z
1010 2078 1075 2098 0111.
1097 2071 1161 2097 cell.
1332 2076 1368 2105 13
1392 2066 1592 2096 aestimandi

265 2114 353 2153 Eexk
370 2126 376 2144 :
401 2113 583 2144 extimandi
602 2116 666 2144 cell.
801 2122 838 2151 15
865 2112 1009 2142 Bottiaei
1030 2111 1187 2150 Madvsg:
1212 2110 1313 2141 boetii
1333 2113 1398 2140 cett.
1526 2110 1593 2148 By-

265 2158 364 2188 zantii
385 2157 524 2188 Msillcr:
550 2162 582 2188 et
605 2156 761 2196 Byzantii
785 2156 880 2196 [biz-‘J
901 2155 990 2186 codd.
1107 2155 1368 2185 Cherronenses
1402 2154 1514 2192 clierr-
1538 2153 1590 2186 Mi

266 2202 354 2232 mdd.
374 2213 380 2232 :
418 2212 497 2232 corr.
538 2200 660 2231 Mz'illcr
695 2200 947 2241 teherronesus
986 2203 1019 2229 ct
1059 2197 1183 2235 Halm)
1321 2207 1356 2235 17
1397 2196 1593 2227 aestimator

266 2246 385 2285 Ess‘a‘:
412 2245 593 2276 extimator
609 2247 673 2275 cell.
800 2253 837 2274 21
866 2253 941 2273 csse
960 2241 1051 2282 χῑΐῑ
1090 2246 1141 2271 est
1159 2245 1223 2272 cell.
1345 2251 1385 2270 22
1413 2240 1592 2270 recordere

265 2290 305 2321 (ἶ.
326 2289 486 2329 Angelius
502 2300 508 2319 ι
533 2289 712 2319 recordare
731 2290 792 2317 (cll.
975 2296 1015 2324 23
1039 2295 1208 2319 armorum
1227 2284 1246 2324 ι’,
1266 2282 1450 2314 Beroaldus
1467 2294 1472 2313 :
1508 2293 1591 2313 mar-

268 2343 396 2363 morum
415 2333 481 2363 mci
567 2332 684 2371 ecquid
709 2330 750 2369 E,
772 2329 934 2369 *lnge-lm„
953 2340 959 2359 z
985 2335 1016 2359 ct
1035 2329 1113 2368 quid
1131 2332 1195 2361 cett.

1611 489 1627 520 5

1615 823 1651 845 10

1614 1149 1653 1180 15

1616 1801 1655 1832 25
