1747 2620
182 94 223 133 17
246 101 288 133 45
614 87 670 128 Μ,
702 87 869 123 TVLLI
902 86 1208 125 eiCERONis

247 204 375 235 torum
396 197 599 236 iuventute
620 212 687 248 per
708 205 833 235 totum
855 198 990 236 orbem
1013 206 1198 235 terrarum
1220 197 1473 247 vagabuntur,
1497 210 1578 246 quo

247 263 408 300 tandem
439 262 585 309 animo,
619 276 699 312 quo
731 269 849 310 metu,
884 276 965 312 quo
998 262 1174 313 periculo
1205 261 1365 300 miseras
1396 261 1576 300 nationes

185 335 228 377 46
248 328 424 365 futuras?
482 329 552 365 Est
569 327 608 365 in
629 327 794 376 imperio
815 335 959 375 terror3
989 327 1196 377 patientur.
1253 328 1324 365 Est
1344 326 1384 365 in
1403 328 1576 365 adventu

247 400 452 442 sumptus3
480 394 614 431 ferent.
675 392 940 443 Imperabitur
965 392 1115 442 aliquid
1144 393 1341 440 muneris3
1369 406 1450 430 non
1471 406 1577 431 recu-

246 458 401 501 sabunt,
461 459 566 497 Illud
590 472 682 497 vero
706 466 898 509 quantum
926 465 995 505 est,
1020 457 1204 507 Quirites,
1226 470 1316 495 cum
1344 457 1375 495 is
1402 456 1489 495 xvir
1509 457 1575 507 qui
1597 471 1613 502 5

245 523 417 574 aliquam
452 523 494 562 in
527 524 665 562 urbem
695 532 761 562 aut
792 531 1039 573 exspectatus
1072 532 1113 561 ut
1148 525 1292 573 hospes
1319 530 1386 561 aut
1415 530 1576 573 repente

246 596 288 626 ut
318 588 504 627 dominus
534 589 682 627 venerit
714 589 823 627 illum
854 589 984 639 ipsum
1015 590 1148 627 locum
1177 601 1257 638 quo
1288 587 1447 636 venerit,
1470 588 1575 625 illam

245 653 370 704 ipsam
400 655 536 693 sedem
566 654 802 704 hospitalem
834 654 873 691 in
904 667 1022 704 quam
1054 653 1124 692 erit
1151 654 1346 692 deductus
1375 652 1575 703 publicam

245 719 381 769 populi
412 719 584 757 Romani
622 733 707 758 esse
740 719 871 758 dicet!
929 721 983 757 At
1013 726 1161 768 quanta
1195 718 1397 756 calamitas
1426 718 1574 769 populi,

244 784 276 822 si
297 784 444 832 dixerit,
469 793 640 835 quantus
672 785 745 835 ipsi
776 793 973 835 quaestus,
1005 784 1036 822 si
1066 785 1238 835 negarit!
1308 786 1439 834 Atque
1468 783 1573 822 idem
1599 799 1634 820 10

244 849 310 900 qui
331 851 428 888 haec
449 858 639 900 appetunt
663 850 773 900 queri
802 863 882 888 non
911 863 1129 899 numquam
1159 851 1285 887 solent
1306 848 1435 887 omnis
1457 856 1574 886 terras

244 916 317 954 Cn.
356 914 547 965 Pompeio
581 922 700 965 atque
736 914 870 953 omnia
905 914 1026 952 maria
1065 927 1150 952 esse
1182 913 1380 964 permissa.
1441 913 1575 951 Simile

242 994 335 1018 vero
355 987 413 1018 est
434 981 556 1018 multa
578 979 771 1017 committi
794 987 831 1017 et
853 978 1070 1017 condonari
1093 978 1236 1026 onmia,
1256 978 1377 1016 labori
1400 986 1438 1016 et
1460 992 1576 1028 nego-

243 1044 298 1083 tio
328 1044 517 1095 praeponi
541 1058 591 1083 an
624 1045 793 1095 praedae
826 1051 863 1082 et
895 1043 1085 1094 quaestui,
1113 1043 1214 1081 mitti
1244 1045 1294 1082 ad
1325 1043 1452 1082 socios
1482 1043 1575 1082 libe-

242 1111 386 1149 randos
420 1124 468 1148 an
501 1112 550 1149 ad
587 1109 893 1160 opprimendos!
953 1109 1148 1159 Denique,
1186 1109 1217 1147 si
1252 1109 1318 1160 qui
1353 1117 1410 1148 est
1445 1110 1632 1155 honos15

242 1174 457 1226 singularis,
488 1175 637 1214 nihilne
670 1175 839 1222 interest,
873 1183 1003 1213 utrum
1038 1176 1207 1225 populus
1240 1176 1446 1213 Romanus
1481 1188 1571 1212 eum

242 1240 305 1279 cui
339 1240 432 1279 velit
466 1241 625 1287 deferat,
663 1254 713 1278 an
749 1240 779 1279 is
815 1240 1065 1290 impudenter
1099 1242 1249 1291 populo
1284 1242 1469 1278 Romano
1503 1254 1571 1290 per

242 1306 336 1356 legis
358 1308 534 1345 fraudem
557 1306 813 1356 surripiatur?

177 1345 221 1382 18
298 1371 547 1410 Intellexistis
573 1380 670 1422 quot
698 1385 757 1410 res
780 1380 817 1410 et
839 1379 1005 1422 quantas
1028 1372 1127 1410 xviri
1152 1372 1247 1422 legis
1267 1372 1460 1423 permissu
1481 1385 1570 1410 ven-

182 1415 222 1447 47

242 1516 370 1541 rarum
400 1502 617 1550 nationum,
646 1516 737 1541 cum
767 1516 902 1553 regum
933 1502 1122 1553 sanguine
1156 1503 1364 1553 implerint,
1397 1503 1572 1542 incidant

243 1581 381 1606 nervos
398 1568 533 1618 populi
557 1568 739 1615 Romani,
759 1568 975 1607 adhibeant
996 1582 1136 1607 manus
1153 1568 1407 1619 vectigalibus
1424 1569 1568 1615 vestris,

242 1633 467 1683 inrumpant
498 1633 536 1671 in
567 1633 769 1672 aerarium.
831 1634 1014 1684 Sequitur
1044 1633 1149 1672 enim
1182 1642 1309 1684 caput,
1334 1648 1414 1684 quo
1444 1635 1572 1685 capite

241 1711 291 1736 ne
320 1698 507 1748 permittit
538 1698 710 1748 quidem,
735 1700 765 1737 si
798 1701 895 1737 sorte
923 1699 1024 1737 desit
1054 1700 1231 1750 pecunia,
1257 1713 1358 1749 quae
1388 1708 1496 1738 tanta
1526 1714 1572 1739 ex

240 1763 504 1813 superioribus
535 1763 653 1813 recipi
684 1771 813 1813 potest
837 1771 877 1801 ut
900 1765 1038 1802 deesse
1059 1777 1139 1801 non
1162 1765 1316 1812 debeat⁷
1341 1766 1410 1803 sed
1441 1767 1567 1815 plane,
1594 1779 1632 1809 25

239 1827 350 1877 quasi
372 1841 417 1866 ea
433 1841 491 1867 res
508 1828 620 1866 vobis
644 1828 758 1867 saluti
781 1830 909 1867 futura
931 1829 989 1876 sit,
1007 1829 1058 1867 ita
1081 1830 1183 1880 cogit
1205 1839 1323 1880 atque
1345 1832 1508 1881 imperat
1530 1839 1571 1869 ut

180 1900 220 1939 48
240 1892 339 1931 xviri
360 1901 485 1932 vestra
499 1893 701 1943 vectigalia
726 1896 899 1933 vendant
917 1895 1161 1943 nominatim,
1187 1896 1370 1945 Quirites.
1414 1898 1512 1935 Eam
1530 1905 1571 1935 tu

241 1958 337 1996 mihi
358 1973 403 1997 ex
424 1958 561 1997 ordine
585 1959 703 1998 recita
728 1961 777 1999 de
801 1960 895 2010 legis
918 1962 1062 2011 scripto
1081 1961 1214 2011 populi
1235 1961 1407 2000 Romani
1427 1962 1572 2000 auctio-

241 2037 357 2071 nem3
387 2037 505 2074 quam
525 2038 588 2063 me
610 2026 768 2064 hercule
791 2039 863 2076 ego
886 2028 1068 2076 praeconi
1087 2027 1177 2065 huic
1199 2027 1271 2078 ipsi
1293 2029 1512 2066 luctuosam
1534 2036 1571 2066 ct

286 2137 298 2157 1
325 2132 430 2159 totum
449 2127 515 2159 Ee:
542 2139 607 2161 om.
630 2132 694 2160 cell.
789 2130 809 2159 8
832 2139 896 2168 qua
916 2128 1001 2160 codd.
1024 2141 1030 2160 :
1056 2140 1133 2160 corr.
1147 2130 1337 2171 Naugerius
1354 2132 1404 2170 ἵε)
1494 2142 1515 2170 9
1539 2137 1571 2162 at

239 2182 303 2204 om.
324 2170 408 2202 EeN
511 2182 549 2211 13
575 2183 616 2203 an
637 2173 817 2203 condonari
835 2173 1002 2213 Angdt'ns
1105 2184 1141 2211 15
1166 2175 1239 2213 quis
1259 2187 1282 2214 χ
1382 2177 1420 2206 16
1446 2175 1525 2206 nihil
1544 2175 1576 2206 E

243 2225 279 2254 17
306 2215 520 2254 imprudente
539 2215 762 2247 Lauredamts
882 2227 924 2247 20
948 2226 1024 2246 sese
1041 2216 1076 2246 N
1191 2228 1231 2256 23
1258 2219 1440 2258 irrumpant
1458 2219 1570 2250 cmok:

240 2258 427 2297 irrumpent
446 2262 511 2290 cett.
661 2261 704 2290 26
727 2259 819 2291 vobis
835 2259 904 2291 Ee:
929 2260 1028 2290 nobis
1047 2264 1108 2292 cm.
1203 2261 1329 2301 cogitat
1345 2262 1433 2293 codd.
1456 2273 1462 2292 :
1487 2273 1565 2294 corr.

240 2301 406 2341 Angelius
586 2313 626 2342 27
652 2303 815 2342 Quirites.
864 2303 944 2334 Eam
962 2304 1094 2344 scripsi:
1117 2314 1216 2343 quam
1234 2305 1322 2336 codd.
1341 2317 1346 2335 :
1372 2305 1430 2336 del.
1450 2305 1572 2345 Ussing

241 2354 283 2383 29
306 2345 422 2386 quam]
443 2355 642 2385 quamquam
662 2346 768 2377 Halm
905 2347 1011 2386 ipsam
1031 2347 1119 2378 codd.
1138 2360 1143 2378 τ
1167 2359 1245 2380 corr.
1265 2349 1430 2388 Angelius

243 1436 359 1475 dituri
384 1436 470 1475 sint.
532 1438 625 1475 Non
656 1444 714 1475 est
745 1436 846 1475 satis.
909 1437 1012 1476 Cum
1043 1451 1084 1476 se
1115 1437 1322 1485 sociorum,
1351 1452 1441 1476 cum
1471 1446 1571 1477 exte-
1594 1452 1632 1473 20
