1747 2620
166 62 217 92 22
237 70 278 103 59
585 56 642 94 M.
665 56 834 93 'rVLLr
863 56 1169 96 CICERoms

235 178 303 203 eos
334 165 461 204 referri
492 164 611 204 iubet.
674 167 766 204 Hoc
798 166 926 216 capite
958 166 1076 205 etiam
1108 166 1380 216 quaestionem
1411 169 1461 207 de
1491 169 1564 207 cla-

234 228 395 268 rissimis
411 229 500 268 viris
518 230 584 280 qui
602 230 736 281 populi
759 230 929 270 Romani
946 231 1049 269 bella
1064 239 1277 281 gesserunt,
1294 231 1564 284 iudiciumque

234 296 284 334 de
304 295 482 346 pecuniis
511 295 675 334 residuis
705 297 755 334 ad
786 295 917 334 xviros
944 298 1174 335 translatum
1195 296 1345 336 videtis.
1406 300 1562 337 Horum

233 359 304 399 erit
334 362 485 399 nullum
519 360 708 399 iudicium
741 369 912 411 quantae
941 361 1132 412 cuiusque
1165 362 1374 402 manubiae
1408 363 1565 412 fuerint,

232 424 329 475 quid
350 427 526 473 relatum,
550 427 645 476 quid
667 425 865 464 residuum
888 427 961 474 sit3
991 426 1029 465 in
1052 435 1251 477 posterum
1273 441 1364 466 vero
1385 429 1445 467 lex
1467 430 1563 468 haec
1585 445 1602 477 5

233 488 533 540 imperatoribus
562 490 698 529 vestris
728 490 978 530 constituitur
995 506 1004 540 3
1034 500 1086 539 ut,
1121 491 1361 543 quicumque
1395 494 1445 533 de
1479 507 1564 544 pro-

231 554 360 594 vincia
398 555 620 602 decesserit,
662 557 769 607 apud
808 557 970 595 eosdem
1016 556 1148 596 xviros
1187 565 1380 608 quantum
1420 558 1563 597 habeat

169 626 212 659 60
232 621 411 670 praedae,
463 620 749 669 manubiarum,
790 621 872 660 auri
921 622 1124 668 coronarii,
1166 624 1403 673 profiteatur.
1483 623 1562 662 Hic

232 692 363 724 tamen
385 685 441 724 vir
461 686 634 736 optimus
655 701 745 725 eum
768 701 886 738 quem
908 696 1013 726 amat
1040 687 1193 738 excipit,
1218 690 1289 728 Cn.
1316 688 1562 740 Pompeium.

230 751 348 789 Vnde
378 750 450 790 iste
480 765 590 790 amor
621 759 700 790 tam
732 752 966 803 improvisus
993 767 1038 792 ac
1070 761 1148 791 tam
1176 754 1434 804 repentinus?
1481 754 1561 804 Qui
1585 772 1622 794 10

230 816 381 855 honore
397 816 572 856 xviratus
593 818 813 856 excluditur
833 832 954 869 prope
976 819 1221 867 nominatim,
1240 819 1350 859 cuius
1372 819 1560 859 iudicium

229 882 440 932 legumque
470 882 587 930 datio,
621 891 825 933 captorum
855 897 1034 934 agrorum
1067 884 1187 935 ipsius
1214 886 1354 924 virtute
1388 885 1561 936 cognitio

229 945 390 994 tollitur,
419 946 531 986 cuius
562 961 641 987 non
672 947 710 985 in
742 947 994 998 provinciam,
1025 951 1095 988 sed
1125 949 1164 988 in
1194 950 1278 1001 ipsa
1307 959 1431 990 castra
1461 950 1560 990 xviri

229 1024 320 1050 cum
348 1011 523 1063 imperio,
553 1012 705 1051 infinita
728 1014 910 1064 pecunia,
931 1013 1100 1053 maxima
1126 1023 1319 1065 potestate
1348 1024 1386 1055 et
1413 1015 1560 1056 iudicio

229 1090 356 1115 rerum
400 1077 579 1116 omnium
624 1078 843 1126 mittuntur,
890 1080 952 1117 cui
996 1078 1054 1118 ius
1098 1079 1402 1131 imperatorium,
1449 1082 1558 1132 quod
1582 1096 1619 1127 15

229 1155 383 1192 semper
416 1142 601 1183 omnibus
633 1143 933 1195 imperatoribus
972 1151 1029 1182 est
1068 1153 1353 1194 conservatum,
1388 1146 1460 1186 soli
1491 1148 1559 1187 eri-

228 1206 341 1258 pitur,
384 1207 415 1246 is
455 1208 644 1259 excipitur
683 1223 785 1248 unus
823 1224 873 1248 nc
913 1209 1119 1249 manubias
1164 1212 1305 1251 referre
1352 1212 1560 1252 iubeatur?

227 1273 369 1311 Vtrum
399 1275 560 1313 tandem
584 1275 660 1313 hoc
682 1275 810 1326 capite
839 1277 965 1314 honos
997 1277 1132 1318 haberi
1155 1277 1316 1325 bomini,
1339 1291 1390 1317 an
1411 1277 1559 1318 invidia

155 1378 206 1418 23
227 1339 359 1388 quaeri
381 1337 567 1378 videtur?

165 1430 203 1461 ω
283 1403 464 1442 Remittit
495 1405 571 1443 hoc
601 1406 722 1446 Rullo
751 1406 821 1444 Cn.
849 1406 1087 1458 Pompeius3
1116 1408 1310 1457 beneficio
1345 1408 1420 1448 isto
1449 1408 1559 1461 legis,
1578 1419 1619 1442 20

227 1468 468 1519 benignitate
489 1469 626 1508 xvirali
648 1469 745 1510 nihil
766 1471 896 1511 utitur.
941 1474 1045 1513 Nam
1062 1473 1092 1512 si
1109 1481 1167 1513 est
1182 1488 1353 1525 aequum
1370 1477 1557 1526 praedam

225 1547 271 1572 ac
301 1534 507 1573 manubias
537 1548 626 1574 suas
656 1536 910 1587 imperatores
941 1551 1020 1576 non
1051 1538 1089 1576 in
1113 1547 1372 1579 monumenta
1391 1541 1557 1579 deorum

226 1597 505 1638 immortalium
540 1613 670 1650 neque
705 1599 744 1638 in
776 1601 883 1640 urbis
917 1611 1148 1642 ornamenta
1181 1605 1372 1652 conferre,
1405 1606 1475 1644 sed
1505 1606 1557 1645 ad

225 1663 357 1703 xviros
389 1672 590 1715 tamquam
622 1666 673 1704 ad
705 1665 891 1705 dominos
919 1676 1124 1717 reportare,
1157 1669 1253 1707 nibil
1293 1669 1366 1709 sibi
1406 1670 1555 1721 appetit

225 1729 423 1781 praecipui
456 1732 678 1781 Pompeius,
713 1731 837 1780 nihil‚·
868 1734 948 1771 volt
977 1747 1019 1772 se
1054 1733 1093 1772 in
1126 1735 1329 1774 communi
1363 1744 1482 1787 atque
1515 1736 1552 1775 in
1577 1749 1615 1781 25

223 1796 365 1834 eodem
396 1809 476 1846 quo
505 1796 623 1835 ceteri
645 1796 726 1836 iure
747 1798 899 1837 versari.
959 1800 1025 1838 Sin
1057 1808 1115 1839 est
1145 1800 1335 1851 iniquum,
1367 1801 1555 1850 Quirites,

223 1860 255 1899 si
291 1868 412 1912 turpe,
446 1861 477 1899 si
509 1861 801 1903 intolerandum
842 1865 916 1904 hos
955 1864 1086 1904 xviros
1126 1867 1331 1917 portitores
1369 1867 1554 1906 omnibus

223 1926 401 1967 omnium
441 1927 618 1978 pecuniis
658 1929 855 1977 constitui,
897 1929 965 1981 qui
1004 1944 1084 1970 non
1125 1933 1246 1971 modo
1285 1945 1392 1982 reges
1435 1940 1553 1984 atque

269 2048 280 2068 1
309 2038 427 2069 referri
442 2040 578 2080 scripsi:
604 2043 731 2073 referre
750 2042 862 2081 codd.;
887 2043 923 2081 cf
946 2053 970 2074 1.
995 2053 1043 2081 12,
1064 2042 1228 2076 Zielinski.
1246 2049 1278 2083 p.
1300 2054 1361 2074 201
1452 2054 1550 2084 quae·

222 2081 382 2122 stionem]
398 2083 473 2119 fort.
496 2085 711 2116 constitutam
731 2085 947 2127 supplendum
1097 2097 1116 2126 3
1142 2087 1284 2117 residuis
1300 2087 1429 2127 scripsi:
1457 2098 1551 2126 repe-

223 2126 336 2156 tundis
352 2125 439 2157 codd.
462 2128 512 2167 (cf
534 2129 605 2160 Clu.
625 2134 679 2168 94²·
857 2141 874 2168 4
903 2129 1046 2164 nullum]
1077 2141 1166 2161 nunc
1187 2130 1410 2161 Lanrcdmms
1438 2132 1489 2167 (at
1514 2130 1551 2160 de

221 2170 479 2208 Xvirumsurlis
492 2172 641 2212 loquitur
658 2174 736 2207 (1¹1².)
837 2176 858 2204 6
883 2174 1007 2205 nostris
1022 2173 1099 2212 Illuc
1187 2175 1228 2204 dr:
1248 2174 1421 2211 provincia
1436 2185 1502 2204 0111.
1519 2174 1554 2203 N

223 2221 240 2251 7
265 2213 391 2243 habent
408 2214 453 2244 Ec
615 2218 636 2247 8
662 2217 716 2248 hic
733 2216 785 2247 E:
810 2217 888 2248 hinc
908 2221 974 2248 cell.
1137 2229 1158 2256 ς)
1183 2218 1308 2256 excipit
1324 2217 1354 2256 le,
1373 2217 1443 2248 edd.
1467 2217 1548 2247 VR:

221 2257 346 2289 excidit
363 2261 429 2289 ccfl.
583 2270 619 2291 12
645 2260 794 2299 cognitio
814 2271 879 2291 om.
899 2261 931 2291 E
1074 2271 1110 2300 15
1137 2261 1188 2291 cui
1206 2261 1250 2291 cd.
1273 2261 1325 2291 R:
1349 2261 1438 2300 quod
1456 2259 1543 2292 codd.

224 2306 260 2338 17
287 2300 440 2332 iubeatur
469 2302 651 2335 Graevius:
688 2304 799 2334 iubeat
824 2304 876 2335 E:
909 2304 1030 2335 debeat
1055 2309 1119 2336 cett.
1301 2314 1340 2343 25
1367 2304 1546 2344 praecipue

220 2342 308 2375 codd.
329 2356 335 2374 :
361 2355 437 2377 corr.
461 2346 566 2378 Orelli
697 2356 735 2385 27
760 2348 788 2379 si
807 2353 904 2389 turpe
924 2358 987 2379 om.
1010 2347 1055 2380 Ec
1143 2347 1188 2389 si]
1208 2353 1258 2378 est
1275 2348 1322 2378 Ec
