1747 2620
194 81 242 109 10

206 522 240 548 11

264 87 305 117 30
629 72 686 108 M.
717 71 885 108 TVLLI
917 69 1225 109 CICERONIS

260 182 557 221 arbitrabantur.
630 181 669 220 Si
718 180 866 220 veniret
912 181 963 219 ab
1011 179 1174 226 Statilio,
1224 177 1379 216 tametsi
1427 177 1590 215 artificio

263 247 452 287 Roscium
493 255 700 298 superaret,
742 246 916 297 aspicere
955 259 1075 284 nemo
1113 251 1270 296 posset,
1313 256 1432 282 nemo
1471 241 1588 289 enim,

261 312 361 352 sicut
387 328 433 352 ex
454 312 635 364 improbo
662 321 770 363 patre
798 311 966 362 probum
992 310 1115 349 filium
1143 308 1260 356 nasci,
1291 308 1346 347 sic
1369 322 1392 347 a
1419 307 1591 359 pessimo

261 378 448 417 histrione
477 379 627 417 bonum
658 378 896 416 comoedum
928 375 1009 414 fieri
1036 389 1152 426 posse
1181 373 1428 413 existimaret.
1488 371 1592 422 Quia

260 443 442 483 veniebat
462 457 485 482 a
507 443 664 491 Roscio,
688 445 776 494 plus
803 441 919 481 etiam
941 440 1039 479 scire
1064 453 1183 491 quam
1203 439 1352 478 sciebat
1372 438 1587 477 videbatur.
1610 450 1628 481 5

262 510 382 558 Quod
411 508 503 547 item
526 522 649 558 nuper
679 507 718 546 in
748 509 866 546 Erote
892 508 1088 546 comoedo
1114 519 1185 543 usu
1207 504 1337 552 venit3
1367 503 1434 555 qui
1455 512 1592 555 postea

261 587 379 624 quam
401 588 422 613 e
443 587 585 613 scaena
601 587 681 611 non
703 574 824 611 modo
841 571 963 611 sibilis
984 573 1053 610 sed
1075 571 1193 610 etiam
1214 569 1395 608 convicio
1411 570 1592 620 explode-

262 638 385 686 batur,
408 638 508 677 sicut
532 637 572 676 in
592 652 697 676 aram
726 637 902 688 confugit
926 636 967 675 in
987 637 1103 675 huius
1129 638 1305 682 domum,
1329 634 1588 685 disciplinam,

260 703 532 754 patrocinium,
566 716 738 742 nomen:
782 702 915 752 itaque
949 700 1126 752 perbrevi
1161 708 1338 750 tempore
1369 699 1436 750 qui
1471 713 1520 738 ne
1551 699 1590 737 in

262 768 484 809 novissimis
523 768 686 819 quidem
726 775 807 807 erat
845 766 1102 806 histrionibus
1139 766 1191 804 ad
1230 765 1376 816 primos
1414 764 1591 816 pervenit

260 835 487 874 comoedos.
559 835 674 882 Quae
712 847 772 871 res
811 831 947 870 extulit
981 833 1103 870 eum?
1170 831 1259 868 Vna
1297 829 1592 869 commendatio

261 900 400 948 huius;
430 899 498 951 qui
531 907 664 938 tamen
700 901 924 949 Panurgum
956 896 1077 944 illum,
1114 910 1196 935 non
1231 898 1359 934 solum
1393 904 1436 934 ut
1470 894 1591 934 Rosci

259 965 474 1016 discipulus
495 965 613 1004 fuisse
629 964 823 1003 diceretur
843 965 1009 1002 domum
1029 962 1187 1013 recepit,
1206 963 1277 1001 sed
1296 961 1415 1000 etiam
1435 974 1592 999 summo

259 1044 350 1069 cum
371 1031 514 1079 labore,
538 1031 745 1069 stomacho
771 1027 1203 1085 miseriaqueerudivit.
1265 1029 1370 1066 Nam
1391 1041 1471 1078 quo
1490 1026 1591 1078 quis-

261 1111 338 1147 que
372 1104 430 1135 est
463 1095 654 1135 sollertior
687 1103 725 1134 et
759 1094 1007 1146 ingeniosior,
1040 1095 1117 1133 hoc
1151 1095 1269 1133 docet
1298 1092 1523 1132 iracundius
1552 1100 1591 1131 et

261 1162 518 1210 laboriosius3
548 1162 657 1213 quod
679 1160 784 1200 enirn
806 1160 890 1211 ipse
914 1159 1092 1199 celeriter
1115 1159 1286 1210 arripuit,
1310 1158 1351 1198 id
1370 1172 1461 1197 cum
1482 1158 1591 1196 tarde

261 1226 407 1278 percipi
434 1227 552 1274 videt,
582 1225 851 1267 discruciatur.
912 1226 1036 1264 Paulo
1062 1224 1217 1274 longius
1243 1224 1368 1263 oratio
1395 1237 1483 1262 mea
1507 1237 1593 1274 pro-

260 1302 372 1332 vecta
410 1302 466 1332 est
507 1294 580 1331 hac
623 1293 673 1331 de
712 1305 829 1331 causa
868 1299 910 1330 ut
949 1289 1228 1331 condicionem
1269 1288 1466 1328 societatis
1507 1288 1591 1328 dili-

258 1366 396 1408 genter
421 1356 723 1408 cognosceretis.

314 1425 428 1472 Quae
449 1422 593 1462 deinde
615 1429 705 1460 sunt
732 1423 976 1461 consecuta?
1013 1422 1285 1471 ‘Panurgum,'
1305 1420 1442 1470 inquit,
1462 1421 1589 1458 ‘hunc

259 1502 412 1528 servum
434 1500 703 1533 communem,
721 1489 770 1536 Q.
796 1487 953 1525 Flavius
973 1485 1272 1536 Tarquiniensis
1294 1485 1456 1535 quidam
1478 1484 1590 1523 inter-

259 1554 360 1594 fecit.
421 1556 468 1592 In
493 1555 595 1591 hanc
617 1554 722 1600 rem,⁷
745 1551 882 1601 inquit,
909 1554 994 1595 ‘me
1015 1550 1258 1600 cognitorem
1287 1549 1442 1589 dedisti.
1503 1549 1590 1588 Lite

258 1626 485 1666 contestata,
510 1617 655 1656 iudicio
680 1616 815 1656 damni
837 1615 976 1654 iniuria
996 1615 1212 1654 constituto
1240 1622 1280 1653 tu
1303 1614 1386 1653 sine
1407 1629 1471 1662 me
1497 1628 1588 1653 cum

259 1684 392 1723 Flavio
410 1682 618 1725 decidisti)
676 1684 817 1723 Vtrum
844 1694 919 1732 pro
935 1680 1303 1732 dimidiapartexan
1326 1694 1399 1731 pro
1420 1694 1458 1717 re
1479 1681 1591 1728 tota?-

255 1749 418 1800 plani-us:
428 1748 557 1788 dicam
574 1762 582 1787 z
613 1754 743 1788 utrum
762 1760 836 1798 pro
858 1760 921 1785 me
941 1754 1050 1785 anet
1071 1737 1142 1797 pro
1163 1759 1226 1792 me
1242 1753 1285 1790 et
1305 1758 1376 1796 pro
1392 1737 1464 1784 te?
1482 1770 1485 1772 -
1513 1747 1590 1793 Pro

255 1827 342 1861 me;
375 1813 485 1863 potui
512 1814 699 1862 vexemplo
737 1813 975 1858 multorum3
1005 1811 1154 1850 licitum
1186 1818 1266 1858 est3
1302 1811 1383 1849 iure
1413 1801 1590 1858 fecerunt

255 1878 390 1923 multi3
419 1877 515 1915 nihil
536 1878 575 1916 in
599 1893 643 1917 ea
666 1892 704 1916 re
727 1876 796 1915 tibi
820 1876 982 1916 iniuriae
1010 1877 1093 1916 feci.
1154 1878 1249 1915 Pete
1270 1884 1311 1914 tu
1333 1884 1456 1924 tuum,
1480 1876 1588 1926 exige

254 1950 293 1981 et
326 1944 433 1981 aufer
463 1945 571 1994 quod
602 1945 791 1994 debetur,
831 1959 941 1984 suam
973 1945 1139 1995 quisque
1168 1952 1318 1994 partem
1349 1943 1440 1981 iuris
1470 1943 1589 1996 ppssi-

254 2009 345 2047 deat
365 2016 402 2047 et
427 2018 692 2060 persequatur.
718 2035 768 2039 -κ
793 2014 867 2050 ‘At
884 2011 989 2050 enim
1012 2019 1052 2049 tu
1074 2018 1185 2048 tuum
1214 2009 1415 2059 negotium
1437 2008 1589 2059 gessisti

297 2126 316 2155 3
343 2128 361 2147 a
379 2129 445 2159 mg.
470 2119 645 2150 Lambini:
672 2130 713 2150 ex
730 2117 819 2151 codd.
967 2119 988 2148 6
1013 2117 1124 2148 evenit
1143 2120 1167 2147 Ω
1317 2128 1356 2148 10
1381 2116 1587 2156 novissimis]

243 2160 326 2198 sort.
352 2161 531 2195 vilissimis.
586 2163 632 2201 Cfi
661 2163 738 2194 Gell.
765 2174 797 2194 x.
820 2171 857 2192 ΩΙ
1027 2172 1064 2200 14
1090 2159 1235 2192 erudivit
1260 2159 1423 2198 Zielinski,
1446 2165 1480 2200 p.
1506 2170 1586 2199 192:

254 2204 376 2235 erudiit
393 2205 481 2237 codd.
501 2207 553 2247 (cf
574 2207 662 2237 Neue
674 2206 716 2237 iii.
732 2207 810 2245 428)
926 2215 1001 2236 nam
1015 2205 1145 2244 &lmus
1160 2216 1167 2235 z
1192 2204 1256 2234 iam
1270 2203 1360 2236 codd.
1493 2214 1529 2243 15
1555 2208 1588 2233 et

255 2249 463 2287 ingeniosior
482 2262 547 2282 0111.
569 2252 595 2280 Ω
755 2251 792 2280 18
818 2250 880 2280 hac
899 2249 939 2279 de
958 2259 1060 2279 causa
1078 2259 1143 2279 om.
1164 2251 1227 2278 Ωιη
1378 2257 1419 2286 23
1443 2247 1516 2277 sine
1535 2257 1587 2277 me

254 2293 326 2323 sine
345 2304 396 2323 me
414 2296 439 2323 Ω
599 2304 637 2332 24
659 2304 694 2324 re
711 2293 860 2333 supplevi
873 2293 925 2333 (cf
949 2294 964 2329 ᾗ
984 2294 1039 2331 343
1059 2303 1065 2322 :
1091 2291 1252 2322 socictate
1273 2297 1279 2312 1'
1289 2294 1366 2331 post
1379 2292 1461 2331 tota)
1480 2289 1583 2331 suppl.

254 2335 447 2378 Naugerius
465 2338 517 2378 (2)
654 2338 695 2366 :6
718 2342 769 2368 est
788 2336 882 2375 iure;
908 2337 1059 2367 fecerunt
1078 2336 1303 2366 Bocmoracus

1613 779 1653 802 10

1612 1109 1649 1141 ¹5

1611 1436 1651 1457 20

1610 1761 1647 1793 25
