1716 2662
493 65 604 104 PRO
634 65 678 104 L.
710 65 929 104 FLACCO
959 66 1176 105 ORATIO
1447 77 1495 115 19
1512 82 1559 117 44

168 181 228 214 est
247 187 377 214 nemo.
424 177 478 214 At
498 188 590 214 cum
604 174 708 213 illam
725 174 933 226 pecuniam
951 175 1184 214 nominatim
1203 176 1346 215 Flacco
1361 178 1495 217 datam

167 241 346 289 referant,
369 240 558 279 maiorem
586 240 702 278 aliam
730 253 820 278 cum
851 240 943 278 huic
972 240 1102 279 eidem
1132 241 1270 279 darent
1290 241 1330 280 in
1354 244 1494 281 aedem

168 318 317 343 sacram
352 305 604 344 reficiendam
639 318 681 343 se
715 305 984 355 perscripsisse
1018 305 1166 352 dicunt,
1197 307 1305 356 quod
1332 307 1495 347 minime

167 370 362 409 convenit.
424 372 528 409 Nam
558 377 624 409 aut
654 370 787 409 omnia
821 372 975 409 occulte
1000 372 1203 409 reserenda
1230 372 1396 420 fuerunt,
1427 380 1495 412 aut

131 455 147 487 5
167 444 299 487 aperte
331 435 474 474 omnia.
535 437 638 474 Cum
671 435 917 487 perscribunt
946 437 1088 474 Flacco
1120 436 1365 483 nominatim,
1397 437 1494 476 nihil

167 502 318 549 timent,
354 501 451 539 nihil
482 508 687 549 verentur3
717 514 807 539 cum
842 500 951 551 operi
983 501 1144 551 publico
1175 503 1356 549 referunt,
1388 502 1493 541 idem

167 567 347 606 homines
368 566 500 606 subito
521 568 692 606 eundem
713 580 832 617 quem
853 574 1173 617 contempserant
1200 567 1492 617 pertimescunt.

169 632 208 671 Si
244 640 398 683 praetor
427 632 547 679 dedit,
581 640 623 670 ut
658 639 716 671 est
745 631 945 683 scriptum,
974 646 997 670 a
1025 640 1231 682 quaestore
1263 633 1492 681 numeravit,

167 706 352 749 quaestor
379 711 402 736 a
432 710 568 736 mensa
596 697 765 748 publica,
799 711 934 736 mensa
963 705 1030 735 aut
1060 712 1106 736 ex
1141 697 1318 748 vectigali
1350 706 1418 736 aut
1449 712 1496 738 ex

112 781 149 805 10
167 764 325 803 tributo.
396 764 625 813 Numquam
662 762 733 801 erit
765 762 865 800 istuc
904 762 1030 801 simile
1065 763 1249 810 criminis,
1284 763 1358 801 nisi
1393 765 1496 803 hanc

168 829 264 868 mihi
285 836 406 868 totam
437 828 629 867 rationem
650 828 759 867 omni
781 835 820 874 et,
839 841 1094 878 personarum
1125 842 1266 879 genere
1293 837 1331 868 et
1356 829 1496 869 littera-

167 908 251 933 rum
273 894 487 945 explicatis.

220 961 295 998 Vel
316 961 423 1009 quod
451 967 509 998 est
535 959 572 997 in
600 960 741 998 eodem
764 961 924 998 decreto
946 960 1145 1011 scriptum,
1168 961 1348 1000 homines
1369 962 1496 1001 claris·
1513 979 1553 1011 45

167 1024 288 1063 simos
323 1024 487 1063 civitatis
526 1025 777 1076 amplissimis
816 1039 908 1064 usos
947 1026 1164 1065 honoribus
1204 1028 1280 1066 hoc
1318 1036 1496 1078 praetore

110 1107 146 1139 15
167 1091 466 1138 circumventos,
501 1104 570 1128 cur
603 1090 644 1128 hi
678 1104 807 1141 neque
841 1091 881 1129 in
920 1091 1067 1130 iudicio
1104 1093 1248 1130 adsunt
1286 1106 1416 1143 neque
1455 1093 1495 1131 in

166 1157 326 1194 decreto
346 1155 632 1193 nominantur?
689 1156 782 1193 Non
804 1155 908 1194 enim
931 1157 1049 1194 credo
1071 1156 1277 1206 significari
1304 1156 1379 1195 isto
1407 1159 1495 1196 loco

166 1220 276 1258 illum
297 1221 363 1270 qui
386 1233 426 1258 se
447 1219 557 1270 erigit
580 1220 849 1259 Heraclidam.
908 1223 1049 1259 Vtrum
1080 1221 1185 1260 enim
1216 1229 1274 1260 est
1303 1222 1342 1260 in
1369 1223 1495 1262 claris-

166 1286 274 1324 simis
298 1285 448 1324 civibus
479 1285 509 1323 is
539 1298 658 1336 quem
688 1285 905 1324 iudicatum
927 1286 991 1325 hic
1016 1288 1125 1325 duxit
1149 1287 1404 1338 Hermippu5‚
1427 1288 1495 1338 qui

166 1353 268 1391 hanc
307 1351 431 1402 ipsam
466 1352 703 1402 legationem
738 1365 857 1401 quam
892 1353 1010 1391 habet
1046 1366 1125 1390 non
1165 1353 1318 1403 accepit
1356 1367 1379 1392 a
1416 1354 1495 1392 suis

108 1435 149 1458 20
167 1417 328 1464 civibus,
355 1417 425 1455 sed
452 1430 577 1466 usque
604 1418 748 1454 Tmolo
778 1416 925 1468 petivit,
949 1417 1011 1455 cui
1039 1419 1169 1455 nullus
1199 1419 1326 1456 honos
1357 1418 1397 1456 in
1426 1432 1496 1458 sua

165 1482 320 1521 civitate
342 1481 498 1520 habitus
527 1490 584 1520 est
610 1494 810 1531 umquam,
835 1495 893 1520 res
915 1472 1057 1520 autem‘
1070 1495 1116 1520 ea
1136 1495 1236 1532 quae
1258 1483 1494 1523 tenuissimis

165 1547 484 1586 committebatur
506 1546 597 1584 huic
619 1560 696 1585 una
718 1546 756 1583 in
779 1545 856 1584 vita
877 1546 1088 1585 commissa
1109 1548 1191 1586 sola
1211 1550 1298 1586 est?
1350 1549 1494 1588 Custos

164 1614 210 1651 T.
235 1612 395 1651 Aufidio
426 1620 602 1662 praetore
635 1612 673 1650 in
707 1613 903 1650 frumento
937 1611 1098 1662 publico
1129 1619 1186 1650 est
1216 1612 1390 1662 positus3
1424 1626 1495 1664 pro

165 1690 245 1727 quo
267 1691 356 1715 cum
377 1690 399 1715 a
422 1679 461 1715 P.
486 1677 648 1715 Varinio
678 1685 855 1728 praetore
877 1676 1085 1728 pecuniam
1107 1677 1332 1728 accepisset,
1356 1678 1495 1718 celavit

108 1759 145 1791 25
167 1755 258 1781 suos
298 1742 391 1781 civis
432 1744 612 1793 ultroque
651 1743 707 1782 eis
747 1751 948 1794 sumptum
990 1742 1128 1781 intulit.
1200 1744 1321 1792 Quod
1359 1752 1496 1794 postea

166 1822 285 1859 quam
316 1807 459 1846 Temni
491 1807 625 1846 litteris
656 1821 680 1846 a
715 1810 755 1847 P.
791 1808 953 1848 Varinio
985 1808 1112 1847 missis
1145 1808 1344 1858 cognitum
1376 1817 1495 1860 atque

166 1874 404 1924 patefactum
443 1880 511 1919 est,
549 1886 720 1923 cumque
751 1875 890 1913 eadem
927 1875 977 1912 de
1011 1887 1050 1912 re
1084 1874 1156 1912 Cn.
1194 1875 1393 1922 Lentulus,
1428 1874 1495 1925 qui

213 1988 225 2007 1
253 1982 285 2008 at
303 1976 437 2016 scripsi:
463 1981 496 2007 et
512 1975 601 2006 codd.
704 1987 723 2007 2
748 1977 843 2008 aliam
871 1977 915 2008 V:
941 1979 1043 2009 etiam
1062 1979 1204 2019 aliquam
1224 1978 1338 2017 (aliam
1357 1977 1407 2017 xl)
1427 1981 1493 2010 cett.

166 2020 347 2061 cum]sort.
365 2029 461 2058 quarn
563 2019 670 2050 eidem
688 2019 878 2061 Naugerius
896 2022 946 2062 (2)
964 2032 970 2051 :
996 2022 1060 2052 fide
1083 2022 1130 2052 V:
1157 2023 1244 2052 idem
1263 2022 1317 2061 (ii-
1332 2021 1410 2060 3⁴5)
1428 2025 1493 2053 cett.

166 2076 184 2104 4
209 2063 340 2094 occulte
359 2064 427 2102 (-ae
444 2063 488 2104 V)
508 2061 563 2094 VE
581 2074 588 2094 ε
619 2063 749 2094 occulta
771 2067 834 2096 cell.
942 2076 961 2105 5
986 2066 1218 2105 praescribunt
1240 2065 1272 2096 V
1378 2063 1497 2096 Flacco

168 2107 363 2138 nominatim
386 2105 437 2137 V:
462 2107 656 2138 nominatim
675 2107 796 2138 Flacco
812 2111 877 2140 cett.
1084 2120 1122 2141 10
1147 2111 1231 2141 istuc
1254 2108 1303 2141 V:
1327 2108 1413 2141 istud
1429 2112 1495 2141 cett.

167 2152 253 2182 hanc
270 2149 436 2181 Niebuhr:
461 2150 546 2180 hunc
568 2150 621 2181 V:
645 2161 711 2182 om.
732 2155 795 2182 cell.
958 2162 994 2190 17
1022 2152 1238 2184 Heraclidem
1257 2158 1281 2184 Σ
1393 2157 1444 2183 est
1460 2153 1494 2183 in

167 2194 244 2225 clar.
268 2193 316 2224 V:
341 2193 372 2222 in
389 2193 468 2224 clar.
487 2198 540 2224 est
557 2197 620 2225 cett.
728 2197 766 2227 18
783 2197 836 2227 hic
853 2207 917 2227 om.
936 2196 1042 2229 Schol.
1175 2206 1217 2227 20
1233 2196 1361 2227 Timolo
1379 2193 1495 2234 2²b><cf

168 2247 209 2267 22
227 2236 318 2278 huic]
337 2235 420 2266 haec
438 2235 596 2277 Pltoaegers
685 2242 755 2268 sola
772 2248 838 2269 om.
857 2249 882 2275 c,
894 2239 1082 2268 Lambinus
1203 2248 1244 2277 23
1263 2241 1294 2269 in
1314 2239 1371 2270 del.
1391 2241 1497 2269 Lam-

167 2280 266 2311 binus
385 2291 425 2319 24
450 2279 588 2310 Varinio
609 2280 656 2311 V:
684 2280 810 2311 varino
829 2282 901 2313 25':
936 2281 1088 2311 Varreno
1104 2281 1123 2311 b
1256 2283 1298 2312 26
1324 2282 1359 2313 P.
1379 2293 1444 2314 om.
1469 2281 1501 2313 V
