1747 2620
129 58 183 96 30

137 597 180 634 31

139 652 179 690 89

132 1486 174 1516 90

204 56 244 87 88
563 50 619 88 Μ.
652 50 820 87 TVLLI
859 49 1167 89 CICERONIS

203 162 235 201 si
257 162 324 213 qui
346 176 391 201 ex
411 163 492 202 alto
512 176 603 201 cum
624 163 675 201 ad
696 161 858 213 patriam
889 162 1128 210 accessisset,
1153 170 1386 215 tempestate
1406 163 1539 205 subito

202 227 371 266 reiectus
395 235 546 278 optaret
572 235 624 274 ut,
648 241 739 265 cum
764 241 787 265 a
812 226 936 277 patria
958 226 1135 266 deiectus
1156 236 1270 276 esset,
1286 243 1333 268 eo
1360 228 1538 268 restitue-

202 300 318 340 retur,
340 294 430 339 hoc,
451 291 606 342 opinor,
626 299 779 342 optaret
803 299 844 329 ut
872 305 894 329 a
921 305 1001 342 quo
1028 293 1118 331 1000
1145 294 1333 343 depulsus
1363 301 1477 341 esset,
1497 293 1535 332 in

202 371 293 396 eum
333 371 374 395 se
414 358 569 395 fortuna
604 357 837 403 restitueret,
872 370 953 395 non
989 356 1029 395 in
1062 359 1201 406 salum,
1233 359 1302 397 sed
1337 358 1375 396 in
1411 358 1536 408 ipsam

202 423 340 461 urbem
362 436 479 472 quam
504 422 673 472 petebat,
697 421 753 459 510
774 421 962 472 quoniam
986 423 1194 461 verborum
1216 423 1294 461 vim
1315 423 1536 462 necessario

201 487 457 526 similitudine
484 500 613 525 rerum
640 501 894 537 aucupamur,
919 487 986 537 qui
1014 489 1186 538 postulat
1213 496 1256 526 ut
1284 502 1307 527 a
1335 502 1415 539 quo
1446 490 1536 527 loco

200 553 377 592 deiectus
405 560 473 599 est,
498 553 575 590 hoc
601 559 660 590 est
687 553 793 590 unde
824 551 1001 591 deiectus
1034 560 1102 600 est,
1126 567 1174 592 eo
1199 553 1434 600 restituatur,
1457 554 1534 592 hoc

201 621 374 670 postulat
406 626 447 657 ut
475 618 514 656 in
547 631 638 656 eum
665 617 792 668 ipsum
824 619 960 657 10011111
987 618 1221 657 restituatur
1282 620 1385 659 Cum
1416 619 1535 658 verba

201 699 273 724 nos
304 698 352 723 eo
376 685 541 731 ducunt,
562 691 645 722 tum
672 697 731 721 res
763 683 847 734 ipsa
879 685 955 722 1100
988 684 1131 723 sentire
1163 692 1281 734 atque
1308 685 1533 735 intellegere

200 750 315 801 oogit.
376 749 550 797 Etenim,
572 749 663 787 Piso
669 750 852 796 ,—redeo
874 763 979 787 nunc
1011 751 1063 788 ad
1090 750 1154 789 illa
1184 750 1376 801 principia
1396 751 1529 789 defen

199 815 320 854 sionis
343 813 541 853 meae—si
563 813 650 863 quis
672 821 710 853 te
731 828 778 853 ex
797 814 962 853 aedibus
980 816 1055 853 tuis
1072 815 1108 853 vi
1126 815 1353 854 hominibus
1374 815 1532 854 armatis

198 880 397 927 deiecerit,
420 878 516 930 quid
547 880 667 929 ages?
724 879 893 929 Opinor,
923 881 999 918 1100
1029 879 1239 919 interdicto
1270 895 1349 931 quo
1375 894 1447 919 nos
1472 880 1531 920 usi

197 958 333 984 sumus
361 957 608 995 persequere.
668 943 807 993 Quid?
837 943 868 982 si
894 945 961 994 qui
994 945 1070 982 iam
1104 945 1154 984 de
1184 946 1268 984 soro
1298 946 1530 984 redeuntem

197 1009 355 1048 armatis
394 1008 623 1048 hominibus
663 1010 829 1047 domum
863 1016 971 1047 tuam
1005 1016 1042 1048 te
1078 1009 1237 1049 introire
1272 1009 1531 1060 prohibuerit,

198 1075 294 1126 quid
319 1088 408 1126 ages
425 1077 442 1112 ?
498 1076 618 1113 Vtere
648 1075 791 1113 eodem
817 1073 1036 1113 interdicto.
1100 1076 1202 1114 Cum
1235 1074 1349 1125 igitur
1376 1083 1531 1125 praetor

197 1140 452 1181 interdixerit,
473 1141 579 1178 unde
611 1139 787 1178 deiectus
809 1153 865 1183 65,
886 1147 927 1178 ut
948 1154 995 1178 eo
1017 1140 1239 1188 restituaris,
1264 1148 1305 1179 tu
1327 1141 1403 1179 1100
1424 1140 1529 1180 idem

195 1207 305 1256 quod
327 1219 399 1256 ego
420 1206 510 1243 dico
539 1212 575 1243 et
607 1205 715 1254 quod
747 1204 996 1255 perspicuum
1019 1212 1077 1243 est
1098 1205 1417 1256 interpretabere,
1438 1220 1528 1244 cum

195 1271 292 1309 illud
324 1270 487 1309 verbum
521 1271 685 1307 ‘VNDE'
719 1270 757 1307 in
793 1277 998 1320 utramque
1038 1284 1119 1308 rem
1155 1272 1295 1318 valeat,
1329 1284 1456 1321 eoque
1487 1279 1528 1309 tu

196 1336 345 1376 restitui
366 1335 417 1374 sis
439 1337 580 1383 iussus,
601 1342 681 1373 tam
704 1342 742 1374 te
764 1335 803 1373 in
824 1335 932 1374 aedis
955 1343 1040 1374 tuas
1062 1337 1210 1374 restitui
1234 1344 1425 1387 oportere,
1448 1337 1477 1375 si
1506 1351 1527 1376 e

194 1403 401 1450 vestibulo,
424 1415 542 1452 quam
565 1401 596 1440 si
618 1415 663 1440 ex
684 1401 868 1440 interiore
889 1401 1046 1440 aedium
1068 1410 1177 1452 parte
1198 1402 1375 1441 deiectus
1397 1402 1458 1441 sis.

248 1471 303 1507 Vt
330 1482 422 1508 vero
450 1467 538 1513 iam,
569 1474 872 1517 recuperatores,
896 1468 1003 1505 nulla
1027 1467 1222 1506 dubitatio
1250 1467 1309 1514 sit,
1337 1467 1417 1507 sive
1445 1482 1525 1507 rem

193 1534 273 1573 sive
312 1535 430 1572 verba
464 1540 640 1584 spectare
672 1532 797 1580 voltis,
833 1531 928 1582 quin
968 1533 1187 1571 secundum
1228 1546 1300 1571 nos
1333 1532 1524 1581 iudicetis,

192 1599 360 1639 exoritur
399 1599 461 1636 1110
501 1598 578 1636 iam
618 1597 767 1637 obrutis
808 1598 924 1636 rebus
960 1597 1145 1636 omnibus
1185 1606 1223 1637 et
1262 1598 1423 1649 perditis
1462 1598 1527 1637 illa

190 1664 380 1711 defensio,
422 1677 511 1702 eum
547 1663 649 1702 deici
688 1676 804 1713 posse
843 1662 908 1712 qui
950 1670 1032 1701 tum
1074 1663 1298 1713 possideam
1338 1664 1404 1714 qui
1445 1678 1525 1702 non

191 1729 399 1781 possideat,
439 1730 547 1766 nullo
580 1729 702 1766 modo
736 1741 876 1777 posse:
919 1727 1060 1778 itaque,
1099 1729 1129 1767 51
1169 1743 1241 1779 ego
1281 1729 1352 1767 sim
1392 1743 1414 1766 a
1450 1729 1524 1768 tuis
1548 1744 1560 1764 2

190 1795 355 1835 aedibus
380 1795 566 1840 deiectus,
592 1792 738 1831 restitui
764 1807 843 1831 non
869 1802 1059 1844 oportere,
1085 1794 1115 1832 51
1137 1793 1219 1844 ipse
1245 1794 1306 1842 515,
1331 1802 1520 1844 oportere.

191 1863 367 1899 Numera
401 1872 519 1909 quam
553 1860 675 1897 multa
714 1858 752 1896 in
789 1858 861 1897 ista
900 1859 1130 1898 defensione
1163 1861 1259 1907 falsa
1292 1859 1379 1907 sint,
1419 1859 1520 1899 Piso.

190 1928 250 1964 Ac
293 1926 462 1975 primum
503 1923 599 1962 illud
643 1924 815 1970 attende,
857 1930 894 1961 te
936 1923 1013 1961 iam
1053 1938 1099 1962 ex
1142 1924 1206 1962 illa
1245 1924 1394 1963 ratione
1437 1938 1522 1964 esse

190 1992 410 2041 depulsum,
439 1989 549 2040 quod
579 1988 751 2039 negabas
780 2002 1022 2038 quemquam
1051 1988 1153 2028 deici
1181 2002 1296 2039 posse
1325 1989 1399 2028 nisi
1429 1989 1522 2029 inde

233 2105 252 2123 2
276 2104 294 2123 a
312 2092 417 2132 patria
436 2091 498 2122 dei.
520 2095 610 2122 esset
634 2091 679 2122 T:
707 2095 797 2121 essct
816 2093 896 2128 (0111.
916 2095 1005 2121 esset
1023 2090 1081 2131 13¹>
1099 2102 1117 2122 a
1135 2091 1241 2131 patria
1258 2091 1322 2122 dei.
1343 2094 1407 2122 cell.

189 2138 368 2167 verborum
387 2136 451 2166 vim
473 2135 549 2166 TE:
575 2135 640 2165 vim
658 2135 835 2165 verborum
853 2138 917 2165 cett.
1037 2145 1052 2172 7
1079 2135 1206 2166 eiectus
1229 2135 1286 2166 TE
1371 2136 1434 2166 hoc
1454 2158 1460 2165 .
1483 2159 1489 2166 .

191 2181 386 2211 restituatur
410 2179 485 2210 TE:
512 2189 578 2209 οιιι.
597 2182 662 2209 cell.
754 2188 775 2217 9
799 2182 866 2208 tum
884 2176 1073 2218 Natrgcm‘ns
1092 2179 1138 2217 (11
1159 2191 1164 2209 ;
1192 2178 1256 2209 iam
1274 2177 1363 2210 codd.
1482 2189 1490 2208 1
1508 2190 1512 2208 ι

189 2224 255 2254 tuis
272 2223 411 2254 aedibus
435 2223 464 2252 T
595 2232 633 2252 12
658 2231 739 2261 ages
761 2221 867 2252 TEff:
892 2232 1011 2259 ageres
1028 2226 1094 2252 ccii.
1221 2232 1256 2261 15
1282 2227 1416 2261 praetor
1434 2224 1517 2263 (pr).

194 2267 281 2298 Τοῖς
309 2277 338 2305 p.
361 2277 385 2296 r.
406 2269 471 2297 cell.
614 2267 651 2296 18
676 2271 708 2296 tu
727 2275 792 2295 om.
818 2265 846 2295 T
979 2275 1016 2304 ¹9
1040 2265 1066 2296 51
1087 2265 1206 2296 ΤΕοςς
1233 2266 1304 2297 sive
1322 2269 1384 2297 cell.
1478 2276 1519 2304 23

188 2310 251 2341 iam
268 2320 333 2340 om.
360 2309 390 2340 'l'
514 2318 561 2350 29
583 2309 645 2340 11151
664 2309 837 2340 indubium
855 2319 929 2340 csse
948 2309 1048 2340 ctiam
1066 2319 1165 2348 posse
1183 2309 1270 2340 codd.
1291 2321 1296 2340 :
1322 2320 1399 2341 corr.
1421 2309 1523 2340 Orelli

1501 2101 1520 2165 -m

1557 435 1575 466 5

1556 767 1593 789 10

1555 1092 1589 1124 Ι5

1550 1418 1592 1439 20
