1747 2620
175 90 200 130 5
226 95 257 118 ιι
586 79 642 117 M.
674 78 842 116 TVLLI
874 77 1182 116 CICERONIS

218 191 391 243 optimus
436 191 603 243 quisque
648 204 721 229 nec
763 190 1024 241 gravissimus,
1065 191 1134 229 sed
1179 189 1545 241 impudentissimus

157 273 192 294 12
217 257 597 307 loquacissimusque
635 255 826 306 deligitur.
886 257 969 294 Vos
1003 262 1135 294 autem
1170 254 1209 293 in
1243 255 1401 306 privatis
1436 254 1546 293 mini-

217 336 368 361 marum
399 335 526 360 rerum
556 321 709 360 iudiciis
739 328 880 359 testem
910 320 1117 371 diligenter
1145 320 1389 371 expenditis;
1427 320 1544 359 etiam

215 389 246 426 si
269 389 433 426 formam
455 386 636 434 hominis,
660 386 691 425 si
712 400 871 434 nomen,
894 386 925 424 si
947 386 1091 425 tribum
1112 386 1247 435 nostis,
1264 400 1393 426 mores
1414 394 1546 425 tamen

214 453 476 503 exquirendos
523 451 678 502 putatis.
758 451 838 501 Qui
882 458 1015 490 autem
1058 451 1154 490 dicit
1191 451 1461 490 testimonium
1500 464 1585 497 ex5

214 518 355 557 nostris
391 517 629 564 hominibus,
667 524 710 556 ut
749 530 790 555 se
829 516 912 567 ipse
951 524 1230 564 sustentat,sut
1263 516 1397 555 onmia
1429 517 1547 555 verba

216 585 451 631 moderatur,
474 590 516 621 ut
546 583 657 621 timet
687 596 737 621 ne
767 582 864 632 quid
894 582 1049 632 cupide,
1072 596 1123 620 ne
1152 582 1249 632 quid
1278 582 1475 628 iracunde,
1496 594 1548 620 ne

215 649 311 700 quid
333 650 419 699 plus
441 648 620 686 minusve
641 661 760 698 quam
782 647 829 686 sit
857 661 1018 686 necesse
1039 647 1168 686 dicat!
1218 648 1326 685 Num
1346 646 1432 686 illos
1453 645 1547 685 item

216 714 372 765 putatis,
395 713 539 764 quibus
569 713 626 751 ius
655 713 864 751 iurandum
892 712 1002 752 iocus
1030 719 1099 759 est,
1122 712 1392 750 testimonium
1416 712 1545 760 ludus,

216 779 453 819 existimatio
481 787 608 818 vestra
637 779 834 826 tenebrae,
863 779 957 825 laus,
987 791 1147 825 merces,
1178 778 1314 828 gratia,
1341 777 1546 828 gratulatio
1568 793 1609 816 10

216 845 418 897 proposita
449 852 507 883 est
546 843 675 883 omnis
709 843 750 881 in
783 842 1006 894 impudenti
1043 843 1283 882 mendacio?
1350 844 1429 882 Sed
1467 856 1547 880 non

218 912 393 951 dilatabo
423 910 644 949 orationem
673 923 832 957 meam3
864 908 1011 948 etenim
1041 916 1172 960 potest
1203 922 1289 948 esse
1322 908 1484 956 infinita,
1517 908 1548 946 si

220 977 315 1015 mihi
349 976 467 1015 libeat
501 976 620 1014 totius
654 975 780 1026 gentis
812 974 852 1013 in
883 974 1116 1013 testimoniis
1147 973 1328 1013 dicendis
1357 973 1551 1024 explicare

218 1042 427 1081 levitatem.
488 1042 567 1081 Sed
596 1040 757 1093 propius
787 1041 976 1079 accedam
992 1055 1002 1088 3
1039 1041 1090 1079 de
1124 1039 1184 1078 his
1214 1039 1349 1079 vestris
1383 1038 1549 1078 testibus

217 1108 358 1146 dicam.
1570 1122 1606 1155 15

158 1188 194 1219 ¹3
272 1175 561 1212 Vehementem
582 1180 852 1211 accusatorem
874 1171 977 1210 nacti
1006 1184 1151 1218 sumus,
1175 1170 1336 1218 iudices,
1359 1178 1397 1210 et
1425 1170 1549 1209 inimi-

217 1253 308 1278 cum
339 1239 379 1278 in
408 1238 516 1278 omni
546 1251 688 1288 genere
718 1237 901 1276 odiosum
931 1250 977 1275 ac
1007 1238 1218 1275 molestum
1235 1251 1246 1285 3
1285 1250 1404 1287 quem
1435 1249 1549 1287 spero

217 1305 276 1343 his
304 1304 430 1343 nervis
461 1305 542 1342 fore
570 1316 712 1354 magno
740 1303 827 1341 usui
853 1311 892 1342 et
921 1302 1058 1340 amicis
1087 1310 1125 1341 et
1155 1302 1209 1340 rei
1235 1301 1446 1352 publicae;
1479 1302 1549 1340 sed

218 1377 322 1409 certe
342 1369 607 1408 inflammatus
629 1367 847 1407 incredibili
865 1367 1080 1418 cupiditate
1100 1368 1203 1406 hanc
1219 1380 1378 1405 causam
1393 1380 1550 1405 accusa-

217 1436 446 1486 tionemque
471 1434 652 1484 suscepit.
714 1433 794 1483 Qui
815 1432 1024 1471 comitatus
1051 1432 1090 1471 in
1113 1432 1350 1483 inquirendo
1369 1436 1376 1471 Ξ
1418 1431 1549 1471 Comi·
1568 1448 1611 1472 20

217 1509 341 1540 tatum
371 1501 462 1539 dico
479 1515 488 1547 ;
528 1500 650 1538 immo
679 1513 771 1538 vero
801 1506 972 1549 quantus
1002 1498 1219 1538 exercituss
1259 1512 1360 1549 quae
1388 1497 1547 1545 iactura,

217 1566 284 1617 qui
312 1574 502 1616 sumptus,
527 1573 674 1615 quanta
700 1564 875 1614 largitio!
918 1565 1031 1613 Quae
1059 1577 1300 1614 quamquam
1325 1563 1434 1602 utilia
1461 1571 1551 1602 sunt

217 1644 369 1678 causae,
394 1630 530 1669 timide
561 1638 694 1668 tamen
724 1629 825 1677 dico,
850 1630 959 1679 quod
985 1642 1121 1667 vereor
1149 1642 1200 1667 ne
1230 1628 1385 1667 Laelius
1415 1642 1462 1666 ex
1491 1628 1551 1666 his

218 1696 333 1735 rebus
354 1709 451 1746 quas
477 1695 551 1734 sibi
576 1694 748 1745 suscepit
769 1694 915 1744 gloriae
940 1707 1058 1732 causa
1074 1702 1184 1744 putet
1204 1694 1354 1744 aliquid
1375 1694 1551 1732 oratione

171 1765 198 1802 6
219 1775 306 1799 mea
325 1761 515 1799 sermonis
543 1760 582 1798 in
611 1773 696 1798 sese
723 1767 790 1798 aut
816 1758 986 1798 invidiae
1011 1773 1096 1798 esse
1117 1759 1349 1809 quaesitum.
1411 1761 1551 1809 Itaque
1573 1776 1609 1808 ²5

217 1828 319 1864 hanc
357 1834 507 1876 partem
547 1833 670 1864 totam
712 1825 959 1875 relinquamg
1007 1832 1158 1864 tantum
1199 1839 1222 1863 a
1255 1825 1367 1864 vobis
1405 1833 1549 1876 petam,

217 1891 375 1937 iudices,
418 1899 470 1937 ut,
511 1891 542 1929 si
582 1891 677 1941 quid
719 1891 790 1942 ipsi
832 1891 995 1930 audistis
1040 1891 1242 1930 communi
1286 1892 1389 1929 fama
1433 1899 1551 1941 atque

218 1969 397 1995 sermone
427 1957 477 1995 de
497 1956 545 2003 vi,
569 1958 619 1995 de
649 1970 780 2005 manu,
804 1958 854 1996 de
882 1957 1009 2004 armis,
1033 1958 1083 1996 de
1111 1957 1245 2007 copiis,
1270 1956 1552 2004 memineritis3

262 2071 281 2091 2
305 2060 532 2092 locacissimus
552 2065 575 2092 Σ
739 2073 757 2101 5
783 2062 909 2103 autem]
928 2069 996 2094 tum
1016 2062 1070 2094 2b¹
1091 2075 1097 2094 :
1128 2063 1226 2093 etiam
1247 2062 1381 2102 Oetlz'ng
1531 2063 1553 2092 6

218 2105 338 2134 vestris
356 2104 389 2133 Β
522 2106 542 2135 8
566 2106 654 2136 idem
672 2105 703 2135 l>¹
843 2117 882 2136 10
906 2111 1017 2136 vestra
1041 2106 1216 2147 tenebrae]
1234 2106 1337 2136 verba
1354 2111 1386 2136 et
1404 2106 1551 2145 ineptiae

219 2147 353 2187 Kayser,
373 2149 408 2187 (f.
438 2148 504 2180 st.
525 2150 567 2189 65
586 2161 593 2180 ε
626 2150 727 2180 verba
753 2150 912 2180 tenebrae
936 2149 1169 2189 Pantagathus
1323 2159 1358 2179 11
1387 2149 1419 2179 in
1437 2160 1502 2180 om.
1519 2148 1551 2179 h¹

223 2202 259 2229 14
287 2191 458 2223 levitatem
484 2193 577 2232 Βχεε
605 2193 784 2224 vanitatem
812 2193 890 2224 lssk:
914 2194 1089 2223 veritatem
1112 2196 1195 2233 (mg.
1217 2193 1417 2232 vanitatem)
1436 2193 1553 2223 levita-

220 2241 285 2265 tem
313 2238 335 2266 Σ
485 2237 607 2267 vestris
630 2237 685 2267 B:
719 2236 844 2267 nostris
867 2239 929 2267 cett.
1077 2238 1115 2266 16
1138 2236 1468 2267 vehementissimum
1496 2236 1552 2274 Βχ

224 2279 261 2307 18
286 2281 396 2310 nervis
433 2279 590 2311 Garatom
624 2281 677 2321 (cs.
717 2280 800 2311 cael.
829 2281 912 2321 80):
948 2280 1057 2311 verbis
1085 2279 1199 2311 codd:
1233 2280 1335 2311 rebus
1364 2279 1553 2321 Angelius:

220 2322 344 2353 viribus
361 2323 441 2363 Jerp
577 2334 613 2354 21
642 2333 722 2354 vero
740 2334 804 2355 om.
828 2327 850 2355 Σ
