1716 2662
46 438 63 469 5

28 767 67 789 10

29 1094 64 1126 15

28 1423 68 1445 20

29 1747 68 1779 25

375 55 484 94 PRO
516 56 557 93 P.
590 56 870 103 QVINCTIO
902 56 1118 95 offirmo
1383 68 1407 95 2

81 165 238 205 alterius
277 167 548 217 obtemperare
591 180 672 217 quo
713 167 744 205 is
786 166 935 206 facilius
975 181 1090 218 quem
1136 168 1227 206 velit
1271 168 1408 220 iniquo

83 231 229 271 iudicio
268 231 488 283 opprimere
530 231 664 283 possit.
738 233 841 271 Nam
882 234 977 283 quid
1016 234 1093 272 hoe
1134 233 1303 283 iniquius
1342 241 1409 272 aut

84 297 293 347 indignius,
326 299 371 337 C.
401 297 547 348 Aquili,
579 297 656 336 dici
685 305 753 336 aut
783 297 1083 337 commemorari
1115 306 1254 350 potest,
1289 313 1406 350 quam

84 376 147 401 me
167 362 233 413 qui
256 370 374 413 caput
401 363 569 410 alterius,
594 364 739 401 faniam
761 365 1015 414 fortunasque
1046 365 1256 404 defendam
1282 364 1409 415 priore

83 429 171 466 loco
210 442 368 466 causam
403 428 563 467 dicere?
601 441 691 466 cum
720 428 945 479 praesertim
983 433 1033 477 Q.
1070 429 1308 468 Hortensius
1342 428 1409 480 qui

83 494 123 532 in
158 494 233 531 hoc
273 492 421 532 iudicio
460 493 578 543 partis
617 493 855 532 accusatoris
896 494 1047 532 obtinet
1087 502 1222 533 contra
1261 509 1324 534 nie
1364 494 1412 533 sit

83 557 269 606 dicturus,
292 558 354 597 cui
374 572 569 597 summani
592 558 745 609 copiam
769 560 1074 609 facultatemque
1095 559 1252 599 dicendi
1275 567 1413 598 natura

83 622 219 673 largita
242 631 310 662 est.
371 624 434 662 Ita
460 625 502 661 sit
529 631 570 661 ut
601 637 673 674 ego
699 623 765 673 qui
795 626 872 663 tela
900 625 1097 675 depellere
1124 632 1162 663 et
1187 624 1411 663 volneribus

85 688 232 727 mederi
271 688 439 728 debeam
480 697 562 727 tum
603 688 642 728 id
682 691 808 728 facere
849 703 965 740 cogar
1003 704 1093 729 cum
1134 690 1251 728 etiam
1290 691 1412 729 telum

84 752 327 793 adversarius
377 755 528 792 nullum
578 753 721 801 iecerit,
768 754 841 793 illis
885 762 1015 793 autem
1061 755 1101 794 id
1146 763 1301 806 tempus
1345 754 1412 792 im-

85 819 286 870 pugnandi
317 820 432 858 detur
467 834 556 858 cuni
589 828 627 858 et
659 820 807 859 vitandi
842 820 997 859 illorum
1038 821 1206 871 impetus
1241 828 1412 871 potestas

84 885 270 936 adempta
302 885 415 924 nobis
449 885 520 924 erit
553 894 600 933 et,
639 886 669 924 si
698 900 776 936 qua
805 886 844 924 in
880 901 929 933 re,
960 886 999 925 id
1031 888 1141 937 quod
1171 886 1293 937 parati
1323 893 1413 924 sunt

86 951 226 998 facere,
263 952 403 989 falsum
448 951 595 990 crimen
640 951 751 1002 quasi
802 960 1038 991 venenatum
1083 952 1245 1003 aliquod
1291 953 1411 990 telum

86 1015 256 1063 iecerint,
291 1016 510 1055 medicinae
546 1017 750 1056 faciendae
782 1019 892 1056 locus
927 1031 1007 1056 non
1043 1017 1123 1056 erit.
1186 1018 1233 1056 Id
1268 1016 1413 1055 accidit

86 1080 272 1130 praetoris
294 1080 499 1131 iniquitate
521 1090 557 1120 et
579 1082 728 1130 iniuria,
752 1082 922 1132 primum
944 1084 1053 1133 quod
1075 1090 1211 1121 contra
1235 1082 1412 1121 oninium

85 1145 414 1184 consuetudinem
459 1146 647 1185 iudicium
693 1147 798 1197 prius
837 1149 887 1186 de
931 1149 1075 1198 probro
1118 1161 1236 1198 quani
1281 1149 1330 1186 de
1374 1162 1413 1185 re

87 1211 221 1250 maluit
252 1211 344 1259 fieri,
375 1211 520 1251 deinde
550 1214 658 1263 quod
688 1212 742 1251 ita
771 1212 974 1252 constituit
1002 1212 1041 1252 id
1072 1213 1199 1263 ipsum
1225 1212 1412 1251 iudicium

86 1285 128 1315 ut
160 1291 258 1325 reus,
294 1285 385 1315 ante
420 1291 538 1328 quam
571 1279 735 1317 verbum
769 1279 1006 1317 accusatoris
1039 1278 1223 1325 audisset,
1256 1291 1412 1317 causam

86 1342 216 1380 dicere
248 1349 461 1392 cogeretur.
522 1344 643 1391 Quod
671 1357 804 1382 eorum
838 1343 960 1393 gratia
991 1351 1029 1382 et
1060 1343 1236 1394 potentia
1268 1345 1411 1381 factum

88 1416 145 1445 est
183 1407 262 1457 qui,
302 1407 413 1458 quasi
452 1422 522 1446 sua
560 1422 619 1447 res
658 1416 724 1447 aut
768 1410 894 1447 honos
933 1416 1077 1459 agatur,
1119 1408 1170 1447 ita
1210 1408 1415 1458 diligenter

88 1476 172 1511 Sex.
209 1472 332 1511 Naevi
366 1473 497 1512 studio
530 1481 567 1512 et
602 1473 806 1524 cupiditati
841 1488 989 1513 morem
1020 1482 1158 1524 gerunt
1191 1481 1228 1512 et
1263 1473 1300 1511 in
1332 1473 1414 1511 eius

88 1537 194 1576 modi
235 1538 350 1576 rebus
391 1552 486 1588 opes
519 1552 607 1577 suas
641 1539 902 1589 experiuntur,
944 1539 982 1576 in
1023 1539 1177 1589 quibus,
1215 1552 1294 1588 quo
1329 1540 1415 1588 plus

88 1611 246 1652 propter
260 1602 440 1642 virtutem
464 1603 791 1654 nobilitatemque
812 1612 990 1655 possunt,
1007 1617 1054 1643 eo
1072 1604 1201 1642 minus
1223 1611 1413 1654 quantuni

89 1668 240 1718 possint
260 1669 407 1707 debent
429 1670 646 1708 ostendere.

146 1734 247 1773 Cuni
274 1742 330 1772 tot
353 1734 549 1785 tantisque
571 1735 867 1774 difficultatibus
895 1737 1073 1774 adfectus
1094 1743 1212 1785 atque
1233 1734 1413 1773 adflictus

90 1798 127 1837 in
181 1807 300 1847 tuam,
348 1802 391 1840 C.
448 1799 592 1850 Aquili,
650 1802 780 1848 sidem,
833 1801 1047 1848 veritatem,
1108 1800 1411 1839 misericordium

90 1866 130 1902 P.
182 1864 391 1914 Quinctius
445 1865 673 1916 confugerit,
727 1880 815 1904 Cum
865 1867 996 1905 adhuc
1049 1866 1083 1904 ei
1132 1873 1289 1916 propter
1336 1865 1411 1902 vim

89 1929 396 1968 adversariorum
431 1944 511 1968 non
552 1930 610 1969 ius
646 1944 725 1980 par,
758 1945 838 1969 non
874 1931 1014 1981 agendi
1056 1938 1228 1981 potestas
1262 1932 1412 1976 eadem,

89 2008 170 2033 non
198 1994 442 2045 magistratus
466 2009 615 2045 aequus
643 1996 798 2046 reperiri
825 1996 1005 2046 potuerit,
1036 2009 1125 2033 cum
1155 1995 1187 2034 ei
1220 2008 1413 2033 sumniam

29 2075 70 2107 30
89 2074 158 2112 per
203 2060 383 2099 iniuriam
432 2061 565 2100 omnia
613 2061 771 2100 inimica
817 2069 936 2111 atque
980 2060 1120 2099 infesta
1167 2059 1318 2107 suerint,
1365 2068 1413 2105 te,

131 2166 152 2195 6
177 2165 209 2195 in
226 2164 328 2205 suppl.
348 2164 462 2195 Baiter
562 2175 599 2195 10
624 2165 739 2195 iecerit
756 2164 797 2197 Β,
814 2164 980 2195 Ruhnken
999 2176 1005 2194 :
1031 2164 1151 2203 legerit
1168 2167 1215 2202 Σχ
1232 2174 1238 2192 ;
1264 2163 1371 2201 egerit
1387 2160 1411 2193 ς’

94 2218 194 2239 10712
220 2208 284 2239 illis
297 2232 304 2238 .
321 2233 345 2239 ..
363 2214 397 2238 et
413 2208 441 2239 si
459 2219 522 2247 qua
540 2219 605 2239 (2111.
618 2208 648 2238 (1¹
765 2218 797 2245 14
827 2208 965 2239 iecerint
983 2208 1031 2239 B:
1058 2207 1202 2246 legerint
1235 2207 1364 2245 egerint
1381 2206 1412 2237 lei

88 2255 150 2282 cell.
302 2262 339 2291 15
364 2262 497 2283 omnem
515 2251 579 2284 bh?
721 2262 758 2282 εἰ
788 2253 821 2283 in
837 2262 902 2283 om.
923 2250 980 2282 Σὺῑ
1134 2261 1176 2289 23
1199 2254 1357 2289 quantum
1376 2249 1417 2280 k:

89 2296 177 2335 quod
197 2298 220 2326 Σ
238 2306 245 2326 ;
269 2305 366 2335 quani
385 2300 449 2326 cett.

1433 70 1449 106 7

1434 240 1451 270 8

1434 1032 1453 1062 9

1439 1748 1476 1770 10
