1716 2662
366 99 440 136 DE
471 99 616 136 LEGE
648 99 904 135 AGRARIA
937 98 1153 135 ORATIO
1188 99 1227 135 11
1403 108 1458 146 29
1477 104 1523 135 80

135 211 322 262 temporis
353 212 557 263 pendere?
613 209 722 260 Quid
753 223 826 249 nos
864 210 982 249 Asiae
1021 217 1166 260 portus,
1201 209 1297 260 quid
1332 210 1462 259 Syriae

135 290 212 324 ora,
235 276 330 327 quid
353 276 486 314 onmia
506 274 763 314 transmarina
782 274 984 325 vectigalia
1014 275 1204 313 iuvabunt
1234 273 1463 312 tenuissima

135 340 359 393 suspicione
388 343 631 391 praedonum
662 349 729 380 aut
759 341 931 380 hostium
962 341 1133 379 iniecta?
1189 342 1242 378 At
1266 353 1357 378 vero
1387 341 1463 377 hoc
1482 346 1522 378 81

134 407 213 458 agri
234 406 427 457 Campani
444 406 619 457 vectigal,
643 406 826 455 Quirites,
850 408 932 445 eius
960 406 1067 445 modi
1096 414 1153 444 est
1181 413 1222 444 ut
1243 418 1333 443 cum
1354 404 1464 444 domi

98 485 115 517 5
136 473 184 512 sit
215 480 253 511 et
285 471 469 510 omnibus
501 471 704 522 praesidiis
739 471 976 522 oppidorum
1016 478 1176 521 tegatur,
1212 478 1296 509 tum
1335 483 1465 520 neque

135 538 247 578 bellis
286 538 471 577 infestum
510 551 583 577 nec
621 537 810 576 fructibus
848 538 997 575 varium
1037 550 1110 575 nec
1148 537 1258 575 caelo
1295 549 1341 574 ac
1376 537 1464 574 loco

135 604 408 643 calamitosum
448 616 533 642 esse
572 604 704 642 soleat.
766 602 937 641 Maiores
977 602 1098 641 nostri
1138 615 1218 641 non
1257 603 1384 641 solum
1423 601 1464 639 id

136 670 245 720 quod
265 671 307 707 de
329 668 542 719 Campanis
564 676 747 719 ceperant
773 681 854 707 non
881 667 1163 706 imminuerunt
1185 681 1319 706 verum
1346 666 1463 705 etiam

136 735 245 785 quod
266 734 300 773 ei
321 734 510 772 tenebant
530 733 674 783 quibus
695 733 815 772 adimi
838 733 918 772 iure
939 747 1020 773 non
1048 740 1201 784 poterat
1222 744 1462 772 coemerunt.

79 820 117 842 10
137 801 227 849 Qua
257 800 307 838 de
342 812 459 838 causa
492 812 566 837 nec
597 800 678 838 duo
713 798 881 837 Gracchi
913 798 981 848 qui
1013 799 1062 837 de
1100 797 1226 848 plebis
1259 799 1466 836 Romanae

136 864 357 904 commodis
388 864 600 915 plurimum
630 866 908 915 cogitaverunt,
932 876 1005 902 nec
1036 865 1078 901 L.
1103 864 1209 902 Sulla
1238 862 1305 912 qui
1332 861 1467 901 omnia

137 930 221 968 sine
241 931 319 968 ulla
339 929 526 980 religione
553 929 698 979 quibus
725 929 847 968 voluit
874 937 932 968 est
956 928 1167 978 dilargitus,
1189 940 1324 978 agrum
1352 928 1467 967 Cam-

136 1008 283 1047 panum
304 994 493 1044 attingere
513 1007 630 1032 ausus
652 1002 734 1042 est3
765 995 905 1032 Rullus
927 993 1070 1033 exstitit
1097 992 1163 1043 qui
1185 1006 1231 1031 ex
1252 1006 1297 1031 ea
1317 1005 1466 1042 posses-

138 1060 248 1098 sione
283 1073 364 1098 rem
399 1059 598 1109 publicam
633 1060 860 1098 demoveret
894 1072 940 1097 ex
972 1071 1050 1108 qua
1088 1071 1161 1096 nec
1196 1058 1463 1096 Gracchorum

81 1144 118 1177 15
137 1125 358 1174 benignitas
393 1138 480 1163 eam
519 1138 592 1163 nec
631 1126 761 1163 Sullae
799 1124 1019 1163 dominatio
1056 1122 1273 1162 deiecisset.
1333 1124 1463 1171 Quem
1484 1137 1539 1174 30

138 1204 272 1240 agrum
295 1203 400 1228 nunc
421 1197 711 1240 praetereuntes
732 1197 902 1228 vestrum
930 1201 1014 1227 esse
1042 1187 1170 1226 dicitis
1191 1195 1229 1226 et
1253 1201 1371 1237 quem
1399 1200 1467 1237 per

139 1256 209 1294 iter
235 1255 301 1305 qui
327 1254 485 1302 faciunt,
509 1254 655 1293 externi
687 1253 878 1300 homines,
908 1260 1078 1292 vestrum
1109 1265 1194 1291 esse
1223 1252 1399 1298 audiunt,
1423 1251 1464 1297 is,

139 1334 229 1359 cum
249 1320 320 1359 erit
341 1319 498 1367 divisus,
524 1333 638 1369 neque
657 1320 733 1357 erit
748 1325 870 1358 vester
888 1331 1017 1368 neque
1044 1325 1171 1357 vester
1198 1331 1282 1356 esse
1303 1317 1466 1356 dicetur.

140 1388 193 1424 At
214 1385 279 1436 qui
301 1385 482 1423 homines
503 1384 793 1434 possidebunt?
841 1383 972 1422 Primo
993 1383 1154 1433 quidem
1175 1396 1298 1431 acres,
1317 1384 1368 1421 ad
1388 1382 1467 1420 vim
1487 1389 1524 1420 82

81 1472 122 1495 20
140 1451 322 1502 prompti,
355 1452 404 1488 ad
435 1450 670 1488 seditionem
703 1449 823 1499 parati
857 1450 934 1499 qui,
958 1448 1072 1487 simul
1103 1462 1148 1487 ac
1179 1448 1278 1486 xviri
1312 1461 1468 1487 concre-

140 1515 307 1565 puerint,
329 1514 464 1553 armati
487 1515 525 1552 in
547 1514 640 1552 civis
663 1522 700 1553 et
725 1513 895 1563 expediti
922 1515 972 1552 ad
1000 1515 1163 1552 caedem
1188 1527 1272 1552 esse
1292 1514 1442 1563 possint
1458 1528 1468 1560 3

141 1580 287 1618 deinde
310 1581 360 1618 ad
388 1592 534 1629 paucos
561 1578 703 1629 opibus
731 1586 768 1617 et
795 1578 918 1628 copiis
945 1578 1154 1616 adfluentis
1182 1586 1307 1616 totum
1331 1591 1467 1627 agrum

143 1646 392 1694 Campanum
432 1643 587 1694 perferri
627 1643 820 1682 videbitis.
882 1643 1007 1682 Vobis
1038 1643 1194 1689 interea,
1227 1642 1293 1692 qui
1329 1643 1411 1681 illas
1445 1657 1468 1681 a

143 1708 355 1748 maioribus
403 1708 682 1758 pulcherrimas
731 1708 977 1758 vectigalium
1026 1708 1129 1746 sedis
1176 1709 1292 1745 armis
1336 1715 1469 1757 captas

84 1792 122 1824 25
141 1773 359 1824 accepistis,
373 1773 488 1823 gleba
509 1774 614 1812 nulla
631 1775 681 1812 de
698 1773 867 1823 paternis
888 1782 1007 1824 atque
1027 1773 1137 1812 avitis
1155 1772 1469 1824 possessionibus

142 1840 392 1890 relinquetur.
452 1841 504 1877 At
534 1847 724 1889 quantum
756 1839 928 1878 intererit
959 1839 1058 1877 inter
1087 1846 1253 1877 vestram
1281 1846 1320 1877 et
1348 1838 1470 1889 priva-

190 1955 202 1975 1
231 1954 292 1975 nos
309 1943 428 1984 Εεχηι
455 1953 514 1974 vos
531 1947 595 1974 cett.
731 1953 750 1973 2
775 1954 835 1974 ora
860 1944 993 1984 scrt'psz':
1022 1954 1098 1974 rura
1123 1943 1192 1974 Ee:
1217 1953 1295 1973 cura
1320 1942 1409 1983 (tura
1433 1942 1469 1984 k)

1187 1996 1261 2012 Suria

143 2026 208 2053 cett.
240 2021 333 2060 (quid
358 2020 524 2060 scriptura
544 2020 719 2059 Geblzardt)
741 2021 844 2060 :forl.
864 2021 898 2051 1'11
915 2021 1079 2061 archem'po
1096 2024 1164 2051 erat
1183 2020 1302 2060 Syriae
1449 2030 1468 2058 4

144 2065 303 2105 Quirites,
321 2065 486 2094 eiusmodi
504 2069 554 2094 est
571 2068 607 2094 ut
624 2074 696 2094 curn
715 2064 831 2105 scrtpsz'
846 2076 852 2095 :
877 2074 950 2095 cum
970 2064 1129 2095 eiusmodi
1150 2064 1190 2094 sit
1207 2068 1242 2094 ut
1259 2074 1332 2093 cum
1358 2061 1446 2093 codd.
1463 2074 1469 2093 ε

145 2118 220 2139 cum
239 2108 402 2138 eiusmodi
421 2113 471 2138 est
490 2112 524 2137 ut
542 2107 727 2138 Beroaldus
847 2109 868 2137 6
893 2118 1003 2147 neque
1022 2108 1185 2138 fructibus
1202 2108 1284 2146 Lag.
1303 2117 1324 2146 9
1451 2116 1468 2144 7

146 2152 252 2182 soleat
277 2150 425 2191 Zumpt:
461 2151 548 2181 solet
573 2150 660 2181 codd.
841 2151 860 2181 8
884 2152 926 2182 de
948 2151 1054 2192 suppl.
1075 2150 1298 2181 Lauredmms
1448 2160 1471 2188 9

145 2196 178 2226 id
196 2195 282 2234 quod
299 2195 348 2226 ος
368 2194 424 2227 Jc‘l)
544 2195 575 2224 ei
595 2193 836 2225 Lauredanus:
861 2200 892 2225 et
912 2194 1000 2225 codd.
1152 2195 1190 2224 16
1214 2203 1312 2233 quem
1332 2203 1392 2231 per
1407 2193 1472 2224 iter

145 2238 243 2279 Ex2:
271 2248 367 2277 quem
398 2237 524 2277 pariter
540 2241 603 2268 cett.
753 2239 791 2268 18
816 2248 924 2277 neque
951 2238 1014 2268 erit
1044 2242 1155 2269 vester
1182 2238 1311 2277 (vester
1342 2235 1470 2278 addidi)

96 2296 100 2300 ·
145 2281 252 2322 suppl.
273 2281 316 2312 ed.
341 2281 486 2321 Hervag.
593 2286 706 2311 vester
723 2291 799 2312 esse
817 2281 881 2312 cod.
900 2281 1045 2313 Pz'tltoei:
1070 2286 1217 2311 vestrum
1236 2281 1302 2312 mei
1431 2290 1472 2319 19

147 2326 288 2365 primum
306 2324 338 2354 E
467 2334 508 2354 20
533 2325 762 2365 increpuerint
779 2324 871 2363 Μμς·
1002 2335 1043 2364 23
1067 2325 1209 2364 perferri
1232 2323 1283 2355 E:
1307 2323 1469 2364 praeferri

146 2373 210 2400 cett.
231 2380 237 2398 :
262 2368 383 2399 deferri
401 2367 533 2398 Ernesti
663 2368 704 2398 26
728 2373 855 2399 tantum
874 2368 961 2400 codd.
980 2380 988 2400 t
1012 2379 1090 2400 corr.
1109 2367 1216 2399 Halm

189 2423 252 2444 cic.
272 2423 314 2443 m:
333 2421 417 2443 LEGE
436 2422 516 2443 Aen.
1345 2414 1380 2442 11
