1747 2620
153 109 198 136 10
221 113 262 143 23
597 99 653 135 M.
677 99 845 134 TVLLI
879 98 1186 136 CICERONIS

219 220 296 258 que
323 208 505 258 gentibus
535 215 851 246 conservatorem
885 207 1031 257 patriae
1053 205 1242 244 iudicarat
1263 205 1372 243 nullo
1392 203 1550 253 iudicio,

219 274 326 311 nulla
355 274 448 323 lege,
473 274 583 311 nullo
609 286 718 311 more
748 271 905 310 servitio
933 279 1052 322 atque
1083 270 1200 309 armis
1229 271 1448 321 pelleretur,
1471 283 1551 308 non

218 338 346 377 dicam
368 338 512 376 auxilio
533 345 672 385 vestro,
696 339 804 388 quod
827 352 916 376 vere
937 337 1029 376 licet
1050 336 1190 384 dicere,
1214 338 1282 375 sed
1310 344 1414 374 certe
1441 335 1553 374 silen-

217 403 298 442 tio:
347 412 429 442 tum
464 405 618 442 Rornae
657 404 775 442 fuisse
816 405 999 442 consules
1038 403 1247 453 quisquam
1286 401 1553 440 existimabit?

157 482 197 513 24
218 469 297 519 Qui
319 471 487 508 latrones
510 468 635 519 igitur,
658 468 688 507 si
711 469 872 520 quidem
903 483 973 507 vos
1001 469 1195 514 consules,
1226 466 1291 517 qui
1321 467 1549 516 praedones,

217 534 284 585 qui
321 536 467 582 hostes,
514 535 581 585 qui
627 536 857 585 proditores,
900 535 967 585 qui
1013 534 1166 584 tyranni
1213 532 1553 572 nominabuntur?

162 610 198 636 11
218 602 410 651 Magnum
436 614 582 640 nomen
605 608 673 649 est,
698 615 839 651 magna
861 601 1022 651 species,
1049 614 1189 651 magna
1210 599 1388 651 dignitas,
1412 613 1553 650 magna

217 665 398 705 maiestas
426 666 625 714 consulis,
655 680 734 704 non
762 666 923 717 capiunt
950 665 1152 716 angustiae
1180 665 1348 716 pectoris
1375 664 1442 713 tui,
1471 679 1551 704 non

216 732 354 782 recipit
373 732 508 771 levitas
531 732 616 780 ista,
639 746 718 771 non
741 740 891 783 egestas
914 731 1033 770 animi
1054 747 1063 780 3
1094 745 1174 769 non
1196 730 1399 769 infirmitas
1420 730 1551 781 ingeni

216 799 391 845 sustinet,
410 812 491 837 non
509 798 718 838 insolentia
735 812 863 836 rerum
881 799 1144 837 secundarum
1163 805 1311 835 tantam
1330 810 1548 846 personam,

215 870 294 901 tam
329 877 498 914 gravem,
534 872 613 902 tam
642 877 827 903 severam.
889 863 1065 914 Seplasia
1099 877 1160 902 me
1193 865 1362 910 hercule,
1400 871 1441 901 ut
1473 863 1550 902 dici

214 930 436 975 audiebam,
477 937 516 968 te
554 937 596 968 ut
636 929 805 980 primum
850 929 1011 980 aspexit,
1051 930 1300 980 Campanum
1346 931 1549 968 consulem

214 995 444 1046 repudiavit.
515 996 704 1035 Audierat
747 996 892 1035 Decios
935 995 1089 1046 Magios
1129 1004 1167 1034 et
1206 997 1256 1034 de
1292 997 1445 1034 Taurea
1484 995 1550 1035 illo

215 1061 387 1101 Vibellio
424 1061 574 1112 aliquid
612 1069 846 1112 acceperat,
893 1061 932 1100 in
973 1061 1116 1112 quibus
1157 1062 1187 1100 si
1229 1064 1447 1102 moderatio
1486 1063 1550 1101 illa

215 1141 316 1177 quae
337 1127 376 1165 in
398 1128 539 1166 nostris
561 1129 659 1166 solet
681 1142 765 1167 esse
783 1127 1011 1166 consulibus
1035 1142 1114 1165 non
1137 1127 1218 1171 fuit,
1238 1136 1276 1166 at
1299 1128 1369 1166 fuit
1390 1142 1546 1179 pompa,

215 1194 285 1232 suit
311 1193 471 1244 species,
496 1194 566 1232 suit
596 1194 771 1232 incessus
804 1196 942 1232 saltem
972 1194 1145 1244 Seplasia
1167 1194 1307 1245 dignus
1333 1203 1370 1232 et
1398 1196 1545 1245 Capua.

156 1272 194 1303 25
217 1259 431 1298 Gabinium
446 1258 618 1308 denique
641 1258 671 1297 si
694 1258 883 1298 vidissent
899 1258 1149 1297 duumvirum
1166 1259 1280 1298 vestri
1304 1259 1355 1297 illi
1377 1274 1549 1311 unguen-

215 1325 313 1366 tarii,
343 1324 457 1363 citius
487 1324 747 1374 agnovissent.
810 1327 931 1363 Erant
964 1324 1016 1362 illi
1053 1324 1200 1374 compti
1236 1325 1364 1375 capilli
1400 1334 1438 1364 et
1473 1340 1548 1364 ma-

214 1391 353 1428 dentes
387 1389 661 1428 cincinnorum
692 1390 869 1429 fimbriae
902 1398 940 1428 ct
981 1391 1145 1429 fluentes
1182 1391 1549 1442 purpurissataeque

215 1456 374 1503 buccae,
404 1454 545 1505 dignae
574 1457 721 1505 Capua,
750 1457 819 1494 sed
853 1457 915 1493 illa
947 1464 1101 1503 vetere,
1143 1469 1234 1493 nam
1266 1457 1362 1495 haec
1387 1458 1547 1506 quidem

215 1534 315 1570 quae
346 1534 450 1559 nunc
481 1528 538 1559 est
568 1520 977 1571 splendidissimorum
1008 1522 1225 1572 hominum,
1250 1523 1547 1564 fortissimorum

214 1586 395 1633 virorum,
417 1586 655 1637 optimorum
688 1586 831 1624 civium
864 1587 1039 1638 mihique
1067 1589 1392 1628 amicissimorum
1422 1590 1548 1628 multi-

215 1651 351 1690 tudine
382 1653 586 1691 redundat.
647 1654 827 1701 Quorum
859 1654 1021 1703 Capuae
1052 1662 1088 1693 te
1116 1663 1397 1705 praetextatum
1429 1669 1547 1694 nemo

213 1716 362 1765 aspexit
387 1717 453 1767 qui
484 1731 563 1755 non
593 1725 764 1767 gemeret
792 1718 988 1757 desiderio
1016 1720 1103 1767 mei,
1127 1720 1237 1759 cuius
1265 1721 1429 1760 consilio
1456 1736 1545 1760 cum

214 1782 434 1821 universam
456 1797 535 1821 rem
564 1783 775 1833 publicam,
799 1792 882 1823 tum
913 1785 1017 1823 illam
1049 1785 1172 1836 ipsam
1196 1787 1332 1825 urbem
1363 1787 1547 1825 memine-

214 1855 299 1885 rant
337 1862 421 1886 esse
460 1855 662 1886 servatam.
738 1852 807 1888 Me
852 1850 1027 1888 inaurata
1070 1858 1196 1889 statua
1238 1853 1441 1897 donarant,
1485 1866 1546 1890 nie

215 1920 420 1962 patronum
457 1927 579 1950 unum
618 1914 846 1963 asciverant,
875 1930 897 1953 a
926 1929 987 1954 me
1019 1930 1059 1953 se
1094 1916 1238 1954 habere
1268 1916 1400 1964 vitam,
1430 1918 1545 1955 fortu-

214 1991 294 2024 nas,
329 1977 470 2016 liberos
500 1978 797 2027 arbitrabantur,
833 1994 896 2019 me
931 1988 968 2019 et
1001 1989 1244 2031 praesentem
1273 1989 1408 2020 contra
1436 1983 1546 2019 latro-

214 2042 359 2081 cinium
378 2051 487 2081 tuum
505 2046 583 2082 suis
601 2046 767 2084 decretis
784 2047 998 2095 legatisque
1013 2047 1270 2085 defenderant
1287 2054 1324 2085 et
1339 2046 1543 2085 absentem

262 2158 297 2178 10
322 2148 563 2190 secundarum]
590 2151 746 2181 sclarium
776 2149 830 2179 E:
865 2151 1056 2181 salutarium
1087 2151 1175 2181 Koch
1355 2162 1389 2182 11
1417 2156 1451 2182 ut
1479 2151 1543 2182 dici

212 2192 386 2222 audiebam
420 2204 486 2223 0111.
519 2193 687 2224 Asconius
869 2204 906 2232 13
932 2195 1060 2225 taureia
1077 2194 1108 2224 E
1286 2205 1317 2232 14
1345 2195 1490 2225 Vibellio
1507 2206 1543 2225 τε

213 2235 346 2265 iubellio
366 2243 370 2263 ι’
384 2237 413 2265 in
434 2236 520 2266 bello
540 2237 612 2276 Exi
633 2241 697 2268 (cll.
884 2248 921 2276 15
947 2244 978 2268 at
998 2239 1058 2268 suit
1076 2249 1141 2270 0111.
1159 2238 1190 2267 E
1369 2249 1403 2277 17
1430 2240 1542 2268 duum-

213 2279 317 2308 virum
338 2279 424 2308 redd,
446 2280 496 2315 (cli
519 2280 612 2311 Rull.
637 2282 666 2311 ii.
686 2282 743 2320 93]
911 2292 948 2320 19
974 2281 1292 2321 purpurissataeque
1314 2282 1420 2312 Halm
1439 2294 1443 2311 z
1475 2282 1540 2321 pulv

211 2326 373 2360 fiatneque
401 2324 483 2353 1111·1':
509 2330 769 2363 cerussataerquc
787 2324 806 2361 ι’,
826 2324 989 2363 ΑιζρτΙίιιε
1175 2336 1209 2355 21
1241 2325 1410 2355 hominum
1429 2337 1493 2356 0111.
1515 2325 1544 2354 Ιί

214 2368 255 2394 20
279 2366 445 2396 donarunt
466 2367 520 2399 lic,
541 2368 737 2398 12'11'1151‘1111115
757 2368 797 2399 Κ.
817 2368 870 2398 vii.
898 2371 952 2406 163
1086 2380 1123 2407 27
1150 2380 1186 2399 st:
1204 2381 1268 2401 0111.
1287 2369 1481 2400 ⁴¹11·lts·1'111111>·

1573 480 1589 510 5

1574 816 1613 838 10

1571 1473 1610 1495 20
