1716 2662
335 91 410 128 DE
441 91 587 128 LEGE
617 91 876 128 AGRARIA
906 91 1122 129 ORATIO
1155 91 1197 129 II
1389 101 1425 128 11
1446 97 1486 128 28

99 199 395 251 imperversum
416 207 459 240 ut
478 200 700 249 ridiculum,
720 207 787 240 aut
806 200 860 239 ita
880 200 1117 240 malitiosum
1145 207 1187 239 ut
1213 201 1426 240 obscurum

99 264 157 312 sit,
181 265 446 316 relinquamus
464 280 475 314 3
502 267 553 305 ad
573 253 800 317 religionem
822 265 992 305 hominis
1020 274 1266 305 revertamur.
1307 265 1427 304 Videt

99 329 183 370 sine
203 332 286 381 lege
307 331 454 370 curiata
473 331 569 370 nihil
589 331 648 382 agi
671 345 738 382 per
759 332 890 370 xviros
911 345 1035 382 posse.
1096 331 1204 381 Quid
1225 339 1375 383 postea,
1396 331 1426 370 si
1450 348 1487 379 29

98 408 144 433 ea
172 396 249 434 lata
282 410 363 435 non
397 396 499 436 erit?
554 397 758 436 Attendite
789 397 1001 447 ingenium.
1034 430 1037 431 γ
1064 400 1181 436 ‘TvM
1213 410 1251 436 EI
1284 399 1428 446 xle1,'

61 479 77 510 5
98 460 234 511 inquit,
262 465 429 501 ‘EODEM
459 475 558 501 IVRE
586 475 680 502 SINT
704 475 785 508 Qvo
813 476 882 508 Qu
911 475 1068 501 OPTIMA
1098 465 1227 502 LEGE.⁷
1283 464 1322 503 Si
1352 465 1429 503 hoc

98 526 180 565 fieri
218 535 347 578 potest
385 535 427 566 ut
461 526 501 565 in
539 529 613 566 hac
651 527 806 568 civitate
845 542 946 578 quae
980 529 1095 578 longe
1126 528 1207 567 iure
1242 528 1429 567 libertatis

98 592 235 631 ceteris
267 592 488 631 civitatibus
523 593 720 632 antecellit
754 593 962 643 quisquam
1004 593 1120 632 nullis
1161 594 1329 632 comitiis
1361 594 1429 632 im-

98 659 249 709 perium
280 666 347 697 aut
379 666 614 709 potestatem
648 659 811 709 adsequi
846 658 981 709 possit,
1012 658 1107 708 quid
1141 659 1280 698 attinet
1314 659 1427 698 tertio

99 723 227 774 capite
247 725 372 774 legem
395 723 581 762 curiatam
603 725 700 762 ferre
721 723 866 771 iubere,
891 737 981 762 cum
1003 731 1143 773 quarto
1163 724 1363 774 permittas
1384 731 1427 762 ut

40 802 79 825 10
98 788 182 827 sine
221 790 304 839 lege
343 788 489 828 curiata
528 789 633 828 idem
673 788 764 827 iuris
803 789 975 827 habeant
1015 789 1123 839 quod
1163 789 1362 836 haberent,
1398 789 1427 827 si

99 853 248 904 optima
267 856 351 904 lege
377 867 400 892 a
428 857 577 905 populo
606 862 737 893 essent
763 854 911 893 creati?
968 856 1097 904 Reges
1125 854 1425 901 constituuntur,

97 933 178 958 non
210 919 321 967 xviri,
356 919 540 968 Quirites,
578 920 710 971 itaque
748 921 798 958 ab
834 920 892 958 his
928 919 1046 958 initiis
1082 921 1429 972 fundamentisque

98 995 320 1033 nascuntur,
344 994 386 1024 ut
406 1000 487 1025 non
515 987 636 1026 modo
657 1000 747 1025 cum
769 987 1039 1036 magzklralzcm
1061 1000 1192 1037 gerere
1214 987 1425 1037 coeperint,

97 1053 167 1091 sed
199 1052 316 1090 etiam
348 1066 439 1090 curn
469 1052 766 1099 constituentur,
800 1066 918 1091 omne
948 1060 1118 1090 vestrum
1152 1052 1222 1099 ius,
1255 1060 1428 1102 potestas

19 1117 334 1167 '15libertasque
365 1119 532 1156 tollatur.
602 1119 655 1155 At
692 1117 823 1156 videte
863 1131 980 1168 quam
1021 1117 1227 1168 diligenter
1266 1117 1429 1156 retineat

97 1182 156 1221 ius
204 1181 434 1222 tribuniciae
482 1182 696 1233 potestatis.
775 1182 1017 1222 Consulibus
1066 1184 1193 1233 legem
1241 1183 1427 1221 curiatam

97 1248 310 1287 ferentibus
342 1263 365 1287 a
394 1249 559 1287 tribunis
594 1248 718 1299 plebis
749 1263 866 1299 saepe
897 1256 955 1287 est
986 1248 1428 1300 intercessum—neque

98 1322 230 1353 tamen
251 1328 323 1353 nos
344 1314 384 1353 id
412 1314 621 1365 querimur,
643 1328 728 1353 esse
759 1316 861 1353 hanc
890 1315 1135 1353 tribunorum
1166 1315 1292 1365 plebis
1323 1323 1428 1365 pote-

98 1387 236 1418 statem
256 1395 265 1427 3
295 1387 447 1418 tantum
470 1382 601 1426 modo,
625 1380 655 1418 si
677 1380 764 1430 quis
786 1394 832 1418 ea
853 1388 1046 1430 potestate
1068 1388 1213 1419 temere
1238 1389 1295 1419 est
1323 1395 1426 1427 usus,

40 1445 286 1494 zofuriosmlc
311 1445 653 1492 existimamus—;
698 1445 761 1484 hic
793 1446 971 1484 tribunus
1000 1445 1125 1496 plebis
1156 1446 1230 1496 legi
1259 1446 1428 1485 curiatae

98 1524 216 1560 quam
238 1519 392 1561 praetor
412 1512 507 1549 ferat
527 1510 665 1549 adimit
694 1510 964 1549 intercedendi
989 1518 1238 1560 potestatem.
1296 1513 1427 1562 Atque

98 1577 174 1614 hoc
208 1590 297 1614 cum
334 1576 373 1613 in
405 1590 452 1615 eo
485 1578 855 1626 reprehendendum
892 1584 949 1614 est
981 1577 1089 1626 quod
1121 1590 1189 1626 per
1228 1576 1426 1615 tribunum

98 1640 223 1692 plebis
248 1641 455 1679 tribunicia
482 1649 654 1691 potestas
687 1640 884 1688 minuitur,
908 1648 990 1678 tum
1022 1640 1061 1678 in
1089 1655 1136 1679 eo
1165 1641 1425 1680 deridendum

99 1707 206 1756 quod
237 1706 398 1752 consuli,
423 1706 453 1744 si
484 1708 608 1756 legem
640 1705 827 1744 curiatam
858 1719 939 1744 non
969 1706 1098 1751 habet,
1128 1705 1316 1755 attingere
1345 1720 1428 1744 rem

41 1785 80 1816 25
100 1770 306 1810 militarem
336 1785 416 1810 non
447 1771 546 1819 licet,
570 1771 644 1818 hic,
668 1770 731 1809 cui
759 1778 863 1810 vetat
890 1770 1090 1817 intercedi,
1114 1770 1149 1808 ei
1178 1778 1424 1821 potestatem,

99 1836 216 1875 etiarn
236 1838 267 1875 si
295 1836 550 1876 intercessum
582 1837 639 1883 sit,
665 1845 796 1875 tamen
825 1837 991 1875 eandem
1021 1835 1222 1874 constituit
1250 1850 1367 1886 quani
1394 1835 1426 1874 si

98 1904 304 1946 lata.esset
334 1905 404 1951 lex,
428 1912 469 1942 ut
496 1917 575 1941 non
604 1903 826 1953 intellegam
849 1916 926 1952 qua
952 1915 992 1940 re
1019 1910 1085 1939 aut
1106 1901 1170 1939 hic
1191 1909 1294 1940 vetet
1314 1901 1426 1940 inter-

1447 1100 1490 1127 12

1449 1160 1489 1190 30

146 2020 157 2039 1
186 2019 381 2049 pervorsum
398 2009 513 2039 EMwo
610 2014 643 2039 ut
661 2008 708 2038 E:
734 2014 788 2038 aut
807 2011 871 2038 cclt.
972 2012 1005 2036 ut
1023 2006 1068 2036 Ee
1083 2018 1089 2036 z
1114 2012 1170 2036 aut
1188 2010 1250 2037 cell.
1406 2016 1425 2045 5

98 2058 234 2093 optuma
253 2052 352 2084 eMoeo
514 2053 533 2082 8
558 2052 665 2091 possit
682 2052 709 2090 k,
731 2052 914 2092 Angelius:
942 2055 1056 2090 posset
1074 2053 1137 2080 cett.
1307 2060 1328 2089 9
1352 2060 1424 2080 cum

100 2097 285 2127 Lambinus
302 2109 308 2128 :
333 2097 491 2137 quoniam
507 2096 595 2127 codd.
750 2106 787 2125 12
814 2094 1104 2132 fundamentisque
1119 2104 1184 2124 om.
1204 2093 1236 2123 E
1389 2103 1425 2131 13

101 2140 328 2179 magistratum
350 2141 383 2171 (i.
395 2151 418 2172 e.
438 2141 539 2181 mag.)
557 2139 706 2180 supplevi
790 2137 928 2178 gerere]
946 2148 1087 2176 regnare
1105 2137 1266 2177 Phrygem
1389 2146 1424 2174 14

101 2189 250 2215 vestrum
271 2184 356 2223 Εεχῗ
374 2195 379 2214 ;
406 2189 557 2215 nostrum
574 2187 636 2214 cell.
822 2193 863 2212 ρο
886 2182 1044 2212 furiosum
1062 2181 1211 2220 supplevi
1226 2181 1350 2219 (susum
1364 2186 1426 2220 pro

103 2227 262 2258 furiosum
287 2228 353 2259 cod.
377 2232 389 2257 t
411 2228 483 2259 lzab.
511 2227 595 2258 Plu'l.
620 2227 683 2257 xiv.
713 2230 763 2263 14*
929 2229 1168 2254 exacstuamus
1192 2224 1426 2263 Pantagathus

102 2271 175 2310 lege
195 2272 317 2302 curiata
335 2271 422 2301 codd.
442 2282 448 2301 :
469 2282 546 2302 corr.
564 2270 743 2300 Manutius
843 2279 881 2299 21
909 2267 1061 2308 praetor]
1082 2267 1118 2297 P.
1138 2267 1179 2297 R.
1198 2266 1286 2296 EM¹
1385 2278 1424 2305 24

103 2320 153 2345 cst
171 2315 260 2354 quod
276 2315 309 2345 E
439 2314 465 2345 si
482 2325 546 2345 om.
568 2313 612 2344 Ee
786 2322 827 2350 25
852 2312 903 2342 hic
924 2311 970 2342 ed.
990 2311 1125 2340 Ascens.
1143 2310 1193 2350 (Ι)
1211 2321 1217 2339 :
1242 2310 1318 2341 huic
1335 2309 1424 2342 codd.

102 2357 268 2390 intercedi
287 2357 318 2389 ei
331 2359 470 2400 scripsi:
495 2356 728 2390 intercedendi
745 2355 832 2388 codd.
851 2366 858 2386 :
884 2355 1048 2385 intercedi
1073 2353 1244 2385 Turnebus
