1747 2620
685 57 1006 96 PRAEFATIO

237 168 408 209 Codices
438 181 543 206 mosw
571 181 617 206 ex
643 169 704 215 M,
734 168 794 206 vel
822 166 952 217 potius
982 180 1028 205 ex
1056 166 1283 216 apographo
1311 167 1394 203 eius
1423 176 1505 202 non

185 232 300 271 nullis
329 232 369 270 in
402 231 498 270 locis
530 233 711 281 suppleto
749 238 787 270 et
825 237 1010 278 correcto,
1043 229 1236 269 derivatos
1269 242 1354 268 esse
1385 227 1506 266 mani-

185 299 325 336 festum
347 303 415 343 est,
438 309 567 346 neque
588 296 716 334 minus
737 304 913 346 apertum
934 309 957 333 a
976 296 1063 334 cod.
1086 294 1145 332 M
1163 293 1337 344 proxime
1366 293 1504 331 abesse

184 362 296 400 Laur.
320 362 513 399 XLVIII.
535 363 582 398 26
599 359 672 413 (ω)
719 360 910 400 Codieem
927 361 985 397 M
990 360 1127 398 ceteris
1142 357 1403 408 antiquiorem
1420 370 1504 396 esse

183 427 398 465 ostendunt
426 425 500 464 loci
527 427 618 464 satis
650 426 760 464 multi
792 424 832 463 in
866 425 1008 475 quibus
1036 425 1201 462 eandem
1235 436 1351 473 quam
1384 422 1501 461 codd.

187 489 291 535 TEe‚
321 487 397 526 alio
421 488 529 525 fonte
554 488 642 536 orti,
663 486 872 526 lectionem
902 500 1040 525 manus
1065 487 1189 537 prima
1216 485 1400 532 exhibet,¹
1420 492 1502 522 tum

184 554 329 593 menda
349 553 541 603 quaedam
560 552 869 603 orthographica,
887 551 1006 590 verba
1025 564 1228 601 perperam
1250 549 1383 597 divisa,
1401 562 1504 587 com-

182 618 327 669 pendia
346 632 392 657 ex
412 619 623 667 archetypo
645 619 816 668 repetita,
840 631 941 668 quae
962 631 983 655 a
1004 618 1189 666 scriptore
1217 629 1307 654 mox
1331 622 1503 654 correcta

182 688 282 719 sunt.
342 679 613 719 Correctiones
636 681 783 718 habent
803 679 931 718 ceteri.

236 746 298 784 De
319 746 456 783 codice
477 743 658 794 primario
678 746 737 782 M
744 758 849 783 nunc
870 744 1023 795 plenius
1040 743 1252 783 dicendum
1269 749 1338 781 est.
1386 741 1503 781 Liber

182 809 301 848 hodie
340 817 397 847 est
428 810 609 847 mutilus:
653 816 729 848 tres
762 808 868 848 enim
900 808 1106 856 orationes,
1139 806 1179 846 in
1213 807 1356 858 quibus
1387 807 1502 844 huius

182 873 332 913 codicis
368 887 442 923 ope
474 875 642 912 maxime
673 886 843 923 egemus,
876 874 1156 912 desiderantur,
1215 872 1393 910 Amissae
1423 884 1502 909 ora-

182 939 307 977 tiones
346 945 434 988 post
473 937 751 978 Caecinianam
789 937 1033 977 intercidisse
1072 951 1151 976 non
1196 944 1371 988 possunt,
1411 944 1502 975 ante

184 1002 433 1041 Pisonianam
456 1010 642 1053 possunt:
673 1016 762 1041 cum
784 1004 890 1041 nulla
910 1002 1076 1041 scissura
1104 1010 1298 1052 appareat,
1321 1014 1386 1040 eas
1411 1009 1502 1039 ante

181 1081 298 1118 quam
326 1067 422 1106 liber
446 1075 673 1117 compactus
701 1075 758 1106 est
787 1069 938 1106 avulsas
968 1081 1053 1106 esse
1079 1067 1252 1106 arbitror.
1309 1065 1498 1106 Codicem

180 1139 430 1172 exaraverunt
469 1133 549 1170 duo
588 1131 740 1180 librarii,
781 1133 876 1171 alter
913 1132 1108 1171 orationes
1148 1145 1217 1182 pro
1257 1131 1426 1169 Caecina
1464 1138 1502 1169 et

184 1204 318 1236 contra
340 1197 502 1234 Rullum
531 1196 711 1244 confecit,
734 1198 830 1235 alter
860 1197 1134 1235 Pisonianam:
1165 1196 1229 1235 ille
1255 1209 1374 1234 manu
1402 1195 1498 1241 rudi,

182 1263 259 1300 fere
290 1261 401 1300 senili
433 1261 624 1309 utebatur,
662 1274 742 1300 non
773 1261 977 1300 indoctum
1011 1260 1213 1300 hominem
1248 1260 1396 1299 diceres
1431 1261 1499 1298 sed

181 1325 377 1365 scribendi
398 1325 607 1372 insuetum,
630 1325 693 1364 hic
715 1339 832 1363 manu
853 1325 988 1372 veloci,
1011 1333 1147 1375 utpote
1168 1325 1223 1364 vir
1251 1325 1403 1372 doctus,
1427 1323 1500 1362 sibi

180 1391 280 1429 bene
317 1391 451 1428 fidens.
508 1392 682 1440 Vterque
711 1391 852 1429 chartis
882 1404 928 1429 ex
954 1392 1095 1429 eodem
1125 1402 1266 1440 genere
1292 1402 1385 1427 usus
1415 1396 1498 1427 est:

180 1456 287 1493 locos
309 1455 458 1505 aliquot
481 1454 519 1492 in
541 1455 666 1504 priore
687 1455 772 1494 libri
794 1463 900 1505 parte
917 1455 1082 1495 omissos
1099 1455 1251 1494 addidit
1265 1453 1499 1492 Pisonianae

180 1519 353 1569 scriptor.
1248 1525 1255 1533 ⁸

234 1583 354 1621 Primi
384 1584 526 1622 librarii
557 1597 695 1623 manus
725 1584 859 1634 Poggii
890 1598 974 1623 esse
996 1598 1075 1623 non
1106 1592 1244 1634 potest,
1266 1583 1305 1621 in
1336 1583 1497 1622 secundi

179 1649 405 1699 scripturam
427 1649 561 1700 Poggii
582 1664 663 1688 non
682 1664 864 1700 agnosco.

235 1716 281 1751 In
311 1716 417 1752 ealce
448 1714 707 1753 Caecinianae
734 1723 791 1753 est
818 1714 1052 1765 subscriptio
1076 1728 1097 1753 a
1126 1714 1321 1753 Bandinio
1347 1728 1392 1753 ex
1422 1715 1497 1754 hoc

179 1778 277 1817 libro
299 1778 528 1817 iamdudum
550 1780 699 1828 prolata
715 1794 722 1818 ι
736 1779 748 1800 ²

224 1858 323 1889 Hanc
343 1859 528 1889 orationem
547 1865 644 1889 antea
661 1860 758 1898 culpa
774 1863 961 1899 temporum
979 1859 1187 1899 deperditam
1207 1859 1355 1899 Poggius
1370 1860 1497 1891 Latinis

179 1902 258 1932 viris
282 1903 425 1932 restituit
449 1908 481 1932 et
502 1902 533 1932 in
557 1902 682 1932 Italiam
708 1904 839 1932 reduxit
860 1913 932 1933 cum
957 1913 1031 1933 eam
1055 1903 1227 1941 diligentia
1251 1914 1310 1933 sua
1335 1904 1367 1933 in
1389 1903 1496 1934 Gallia

180 1945 343 1975 reclusam
363 1945 394 1974 in
414 1945 505 1975 silvis
526 1945 710 1983 Lingonum
724 1946 735 1964 ³
753 1946 982 1976 adinvenisset
1000 1947 1322 1987 conscripsissetque
1339 1947 1379 1978 ad
1397 1946 1494 1978 Tullii

180 1988 372 2018 memoriam
390 1993 422 2018 et
439 1989 611 2018 doctorum
630 1989 802 2019 hominum
821 1989 1008 2020 utilitatem.

234 2060 281 2097 In
303 2060 379 2097 fine
402 2059 633 2098 Pisonianae
654 2068 710 2098 est
730 2060 804 2099 aliu
820 2076 828 2100 ς
844 2062 856 2081 ⁴

220 2157 230 2177 ¹
258 2158 306 2188 Cr.
331 2158 417 2189 Caec.
437 2168 489 2196 92,
507 2167 559 2196 95,
583 2168 652 2197 100,
676 2169 745 2196 101,
769 2169 839 2197 103.

178 2200 408 2273 rciinanC-in
432 2201 503 2231 eod.
522 2212 542 2232 v
558 2207 692 2233 exstare
715 2202 794 2233 dicit
813 2203 1068 2244 Reifferscheid,
1089 2204 1129 2234 de
1150 2214 1213 2243 qua
1235 2215 1269 2234 re
1289 2204 1364 2235 silet
1385 2204 1490 2237 mitta<

219 2286 233 2305 ³
257 2287 366 2326 Prope
386 2287 499 2318 urbem
519 2298 603 2326 quae
620 2287 718 2319 hodie
738 2288 887 2329 Langrcs
905 2295 1051 2321 vocatur.
1204 2289 1217 2310 ⁴
1243 2290 1293 2322 Ita
1310 2292 1404 2322 codd.
1418 2302 1488 2333 gsv.

802 2343 862 2380 viii
