1716 2662
415 95 526 134 PRO
557 95 604 134 A.
638 94 890 135 CAECINA
920 95 1138 134 ORATIO
1391 98 1434 141 17
1453 99 1496 140 48

107 206 324 245 accedere?
380 207 419 244 Si
452 205 558 244 enirn
593 206 633 244 id
667 206 776 256 quod
811 204 980 244 maxime
1011 205 1135 244 voluit
1169 205 1278 243 nullo
1313 205 1435 242 modo

107 270 245 321 potuit,
269 271 325 309 vis
353 272 530 322 profecto
556 271 753 322 quaedam
781 270 975 310 obstiterit
1001 283 1162 308 necesse
1189 277 1271 318 est,
1299 276 1366 307 aut
1394 276 1434 306 tu

106 335 170 374 dic
191 350 309 387 quam
331 337 382 375 ob
403 350 496 383 rem,
513 350 604 375 cum
624 337 740 375 vellet
759 337 959 383 accedere,
979 349 1059 375 non
1080 334 1298 374 accesserit.
1350 336 1434 373 Iam
1456 349 1497 380 49

105 400 184 439 vim
214 403 357 440 factam
387 415 528 451 negare
557 415 638 440 non
668 409 781 452 potes
797 416 808 449 ,-
844 400 1021 440 deiectus
1047 414 1166 451 quem
1193 401 1244 439 ad
1271 400 1435 439 modum

69 479 86 512 5
108 467 166 514 sit,
200 468 266 518 qui
302 481 382 506 non
417 467 633 515 accesserit,
669 469 708 506 id
744 467 951 517 quaeritur.
1013 465 1226 505 Demoveri
1257 465 1362 505 enim
1396 472 1436 504 et

107 531 248 583 depelli
275 533 325 571 de
350 533 438 570 loco
469 545 631 571 necesse
661 539 719 570 est
750 546 840 570 eum
871 531 939 582 qui
959 530 1163 571 deiciatur.
1224 531 1272 570 Id
1301 538 1433 569 autem

106 597 284 636 accidere
314 598 348 636 ei
379 596 446 647 qui
474 604 604 648 potest
634 598 701 647 qui
730 596 896 635 omnino
924 596 963 635 in
993 610 1041 635 eo
1069 598 1159 635 loco
1180 597 1288 635 unde
1308 609 1349 635 se
1370 597 1436 635 de-

106 661 251 701 iectum
272 675 357 701 esse
370 663 465 701 dicit
486 676 705 713 numquam
727 661 829 700 fuit?
887 662 1028 711 Quid?
1058 662 1089 700 si
1110 661 1247 700 fuisset
1266 668 1304 700 et
1321 675 1367 699 ex
1387 675 1435 699 eo

106 728 195 766 loco
212 735 318 766 metu
339 734 540 778 permotus
561 726 732 778 fugisset,
748 740 839 766 cum
855 734 1026 766 armatos
1041 727 1213 774 vidisset,
1232 728 1436 766 diceresne

50 803 89 827 10
107 806 192 831 esse
221 791 448 831 deiectum?
505 791 668 843 Opinor.
728 791 807 830 Ain
842 794 913 831 tu?
956 793 1022 842 qui
1051 799 1132 831 tam
1163 792 1369 842 diligenter
1396 799 1436 831 et

107 867 187 897 tam
214 858 354 897 callide
373 859 501 897 verbis
528 857 812 897 controversias
839 872 920 897 non
947 858 1144 909 aequitate
1171 858 1374 906 diiudicas‚
1397 866 1436 897 et

106 924 189 963 iura
217 938 298 963 non
327 923 493 962 utilitate
522 923 726 962 communi
756 925 826 962 sed
856 923 991 962 litteris
1022 923 1215 974 exprimis,
1239 925 1436 974 poterisne

107 991 237 1029 dicere
253 989 451 1029 deiectum
465 1003 551 1028 esse
566 979 658 1028 eum
675 990 742 1039 qui
759 996 885 1028 tactus
902 1003 983 1027 non
1000 988 1100 1027 erit?
1149 988 1287 1038 Quid?
1309 991 1436 1029 detru-

108 1068 194 1093 sum
224 1054 413 1094 dicesne?
451 1068 543 1092 nam
573 1068 622 1093 eo
641 1055 762 1093 verbo
788 1061 904 1092 antea
934 1062 1130 1104 praetores
1157 1053 1198 1092 in
1219 1055 1296 1093 hoc
1323 1054 1436 1094 inter-

49 1130 87 1163 15
108 1120 215 1159 dicto
241 1121 297 1158 uti
324 1120 514 1158 solebant.
573 1119 683 1169 Quid
707 1119 794 1158 ais?
829 1127 1010 1170 potestne
1040 1119 1196 1158 detrudi
1227 1119 1435 1170 quisquam

108 1185 175 1236 qui
204 1198 285 1224 non
313 1184 545 1236 attingitur?
584 1198 728 1231 nonne,
752 1184 784 1223 si
813 1185 977 1223 verbum
1010 1184 1121 1235 sequi
1143 1186 1335 1234 volumus,
1359 1186 1435 1224 hoc

107 1249 378 1300 intellegamus
394 1264 556 1289 necesse
576 1258 645 1298 est,
664 1263 754 1289 eum
776 1249 933 1289 detrudi
949 1249 1012 1289 cui
1034 1264 1173 1289 manus
1189 1252 1435 1291 adferantur?

108 1316 282 1355 Necesse
301 1324 370 1363 est,
394 1315 567 1366 inquam,
590 1315 622 1354 si
641 1317 693 1355 ad
712 1316 876 1355 verbum
901 1330 982 1355 rem
1003 1317 1185 1356 volumus
1210 1316 1432 1368 adiungere,

108 1381 309 1420 neminem
337 1380 453 1420 statui
480 1382 684 1420 detrusum
705 1382 772 1432 qui
800 1395 881 1420 non
902 1381 1080 1421 adhibita
1101 1382 1137 1420 vi
1162 1396 1281 1421 manu
1302 1384 1435 1421 demo-

49 1464 89 1486 20
108 1453 170 1485 tus
190 1454 228 1485 et
248 1454 358 1484 actus
379 1459 565 1496 praeceps
586 1445 841 1497 intellegatur.
898 1446 1085 1486 Deiectus
1107 1461 1198 1486 vero
1219 1447 1286 1498 qui
1307 1455 1436 1498 potest
1455 1463 1498 1495 50

107 1525 193 1550 esse
208 1509 417 1561 quisquam
438 1511 512 1549 nisi
533 1512 572 1549 in
594 1511 816 1550 inferiorem
837 1514 968 1551 locum
991 1515 1041 1552 de
1057 1513 1257 1564 superiore
1276 1515 1436 1553 motus?

108 1578 243 1615 Potest
276 1578 422 1627 pulsus,
457 1578 621 1627 fugatus,
656 1577 804 1616 eiectus
838 1578 1036 1629 denique;
1080 1578 1301 1618 illudrvero
1327 1580 1436 1617 nullo

107 1642 229 1680 modo
255 1649 397 1692 potest,
419 1655 512 1680 nont
529 1643 650 1681 modo
670 1642 739 1693 qui
766 1650 893 1682 tactus
914 1657 994 1683 non
1016 1645 1064 1682 sit
1086 1645 1156 1683 sed
1177 1658 1226 1683 ne
1247 1643 1287 1682 in
1307 1648 1436 1694 aequo

107 1706 614 1758 quidem-et-plano‘loco,
666 1708 775 1758 Quid
803 1722 894 1760 ergo
907 1711 935 1748 ?‹
957 1711 1034 1750 hoc
1056 1708 1436 1761 interdictum-put&

50 1784 87 1816 25
109 1785 196 1811 mus
217 1780 365 1811 eorum
383 1785 468 1811 esse
490 1773 905 1824 causa-compositum
930 1774 997 1825 qui
1025 1788 1066 1814 se
1093 1774 1368 1825 praecipitatos·
1384 1788 1435 1813 ex

106 1836 203 1876 locis
224 1834 489 1887 superioribus
511 1833 813 1878 dicerent—eos
835 1839 940 1878 enim
963 1853 1052 1878 vere
1074 1853 1284 1890 possumus
1300 1840 1432 1878 dicere

106 1916 191 1941 esse
217 1902 510 1950 deiectos—an,
532 1916 623 1941 curn
653 1905 833 1943 voluntas
863 1912 901 1944 et
929 1904 1138 1944 consilium
1168 1912 1206 1944 et
1240 1905 1433 1943 sententia
1451 1904 1495 1941 18

148 2010 169 2039 6
193 2009 325 2040 ὐὲιοεο
344 2008 376 2039 Ρ
462 2013 513 2039 est
526 2019 594 2041 om.
613 2009 643 2040 T
771 2010 790 2040 8
814 2009 893 2049 quid
907 2009 1021 2041 PTE:
1046 2010 1136 2050 quod
1150 2013 1214 2041 cell.
1395 2019 1435 2040 10

105 2053 160 2084 ain
181 2053 257 2084 Rau
274 2064 280 2083 :
304 2063 346 2083 an
365 2051 453 2083 codd.
620 2062 656 2082 11
685 2054 944 2084 controversiam
961 2053 995 2083 Ρ
1158 2063 1195 2092 13
1221 2053 1387 2084 delectum
1404 2052 1437 2083 P

109 2106 145 2135 14
172 2097 310 2127 dicesne
327 2096 378 2127 P:
404 2096 495 2127 dices
512 2099 576 2126 cett.
668 2096 701 2126 in
719 2096 834 2128 PTE:
861 2108 925 2129 om.
946 2100 1010 2127 cett.
1128 2107 1163 2134 17
1189 2096 1258 2136 cui]
1279 2097 1341 2126 iam
1357 2101 1431 2136 sup.

106 2139 161 2170 lin.
182 2139 256 2170 add.
279 2139 310 2169 Ρ
421 2140 458 2169 18
484 2149 625 2170 necesse
644 2144 695 2170 est
711 2139 739 2178 k,
759 2139 826 2171 edd.
847 2139 930 2171 VR:
958 2139 1191 2171 necessestP:
1216 2150 1278 2170 nec
1297 2145 1348 2170 est
1367 2143 1428 2170 cett.

105 2183 290 2222 adiungere
308 2183 346 2221 P,
367 2181 577 2213 Lambinus:
601 2183 766 2222 attingere
787 2184 941 2219 (attinere
954 2183 988 2218 k)
1004 2188 1070 2214 cett.
1269 2193 1307 2222 19
1331 2183 1431 2213 statui

105 2226 144 2257 Ρ.
164 2225 374 2257 Lambinus:
400 2231 489 2256 statu
507 2229 571 2256 cett.
744 2222 909 2268 22vvero]
929 2227 1033 2258 verbo
1051 2226 1084 2257 P
1234 2236 1275 2265 23
1303 2227 1430 2266 potest]

106 2270 255 2301 deiectus
280 2280 355 2301 esse
379 2270 553 2309 quisquam
579 2269 655 2301 add.
684 2269 801 2302 codd.:
831 2270 892 2302 del.
914 2270 1007 2302 Bake
1137 2269 1170 2301 in
1195 2269 1246 2300 P:
1278 2281 1345 2302 om.
1364 2273 1430 2301 cell.

105 2323 143 2352 27
168 2314 228 2355 an]
248 2324 290 2344 an
308 2324 374 2345 non
391 2312 557 2354 Angelius
