1747 2620
201 97 228 135 8
252 113 291 135 22
621 97 680 134 M.
710 96 878 136 TVLLI
911 96 1219 134 CICERONIS

202 221 230 259 9
251 208 577 261 magnificentiae.
634 207 735 258 Quis
755 209 881 259 legem
903 206 1019 246 tulit?
1066 208 1218 246 Rullus.
1274 207 1374 257 Quis
1394 207 1584 247 maiorem

252 282 405 326 partem
426 273 563 326 populi
585 272 775 324 suffragiis
797 271 1028 323 prohibuit?
1076 274 1230 311 Rullus.
1291 272 1392 322 Quis
1413 271 1583 311 comitiis

250 339 427 390 praefuit,
474 338 561 390 quis
601 338 723 377 tribus
767 351 864 388 quas
903 336 1026 376 voluit
1068 337 1223 377 vocavit
1270 339 1381 376 nullo
1419 338 1603 376 custode'

251 405 420 452 sortitus,
459 404 546 455 quis
583 403 716 442 xviros
751 416 852 453 quos
889 402 1014 441 voluit
1048 403 1221 441 creavit?
1281 404 1397 442 Idem
1430 404 1582 441 Rullus.

251 471 385 519 Quem
419 468 637 520 principem
667 467 934 507 renuntiavit?
992 469 1166 506 Rullum.
1226 470 1263 505 V
1267 467 1303 506 ix
1333 482 1397 507 me
1426 469 1585 507 hercule

250 534 370 574 servis
406 536 482 573 hoc
521 547 612 572 eum
647 533 738 581 suis,
779 546 859 572 non
899 535 1006 571 modo
1039 533 1152 571 vobis
1191 532 1370 572 omnium
1409 533 1585 584 gentium

252 599 425 639 dominis
463 600 719 650 probaturum
759 598 934 637 arbitror.
995 597 1182 648 Optimae
1216 600 1320 649 leges
1360 598 1474 648 igitur
1510 599 1585 638 hac

252 666 337 716 lege
375 664 459 703 sine
498 666 576 703 ulla
613 664 845 715 exceptione
883 665 1092 711 tollentur3
1135 663 1242 702 idem
1280 665 1365 713 lege
1403 662 1477 702 sibi
1515 677 1586 702 sua

251 730 495 770 curationem
543 738 661 781 petet,
710 729 817 769 idern
866 729 1012 768 maiore
1060 736 1169 779 parte
1216 727 1353 779 populi
1397 728 1585 780 suffragiis

252 796 418 848 spoliata
446 795 607 835 comitia
634 795 808 843 habebit,
833 808 932 845 quos
960 796 1064 833 volet
1092 802 1212 844 atque
1239 793 1279 832 in
1306 793 1361 833 eis
1391 807 1432 833 se
1456 793 1585 845 ipsum

250 861 502 908 renuntiabit,
543 868 583 900 et
624 860 808 900 videlicet
850 861 1034 911 conlegas
1077 873 1169 898 suos
1212 859 1445 910 ascriptores
1490 859 1585 910 legis

251 926 421 978 agrariae
449 940 530 966 non
557 925 792 976 repudiabit,
814 939 837 963 a
858 925 1000 976 quibus
1031 923 1066 963 ei
1093 926 1205 964 locus
1227 924 1375 976 primus
1395 924 1435 963 in
1455 923 1586 964 indice

252 1001 291 1032 et
329 993 369 1031 in
411 991 719 1044 praescriptione
762 991 858 1041 legis
895 1004 1108 1029 concessus
1147 998 1231 1038 est,
1279 990 1397 1029 ceteri
1440 991 1586 1029 fructus

252 1058 432 1097 omnium
453 1072 581 1097 rerum
601 1057 668 1108 qui
694 1056 733 1095 in
761 1070 830 1107 spe
856 1055 952 1106 legis
979 1055 1095 1094 huius
1122 1055 1240 1107 positi
1267 1064 1358 1095 sunt
1383 1056 1585 1095 communi

253 1124 436 1163 cautione
456 1131 575 1174 atque
595 1136 721 1173 aequa
741 1137 788 1161 ex
808 1129 917 1173 parte
937 1121 1163 1162 retinentur.

308 1192 361 1228 At
390 1189 520 1228 videte
544 1188 715 1227 hominis
743 1187 997 1238 diligentiam,
1020 1189 1051 1226 si
1080 1196 1147 1226 aut
1176 1189 1338 1227 Rullum
1367 1189 1470 1226 illud
1484 1186 1587 1239 cogi-

253 1261 356 1294 tasse
382 1262 449 1293 aut
477 1253 508 1293 si
537 1255 658 1292 Rullo
686 1252 862 1304 potuisse
891 1252 931 1290 in
962 1260 1137 1292 mentem
1168 1252 1300 1292 venire
1330 1252 1584 1291 arbitramini.

252 1318 446 1358 Viderunt
485 1318 520 1358 ei
560 1318 626 1369 qui
662 1319 759 1357 haec
799 1317 1136 1365 machinabantur,
1174 1317 1204 1356 si
1243 1317 1355 1356 vobis
1394 1332 1441 1358 ex
1477 1317 1586 1356 omni

250 1386 400 1435 populo
424 1383 623 1434 deligendi
644 1390 817 1434 potestas
846 1390 947 1421 esset
972 1383 1074 1429 data,
1098 1396 1373 1433 quaecumque
1398 1396 1457 1422 res
1484 1390 1586 1422 esset

251 1449 291 1488 in
326 1463 403 1500 qua
437 1451 545 1497 fides,
578 1448 788 1500 integritas,
821 1448 951 1495 virtus,
983 1448 1194 1487 auctoritas
1224 1456 1483 1499 quaereretur,
1515 1463 1584 1488 vos

251 1528 338 1554 eam
370 1514 454 1554 sine
486 1514 732 1554 dubitatione
767 1515 818 1553 ad
854 1515 926 1553 Cn.
962 1513 1197 1564 Pompeium
1231 1514 1448 1565 principem
1483 1515 1585 1553 dela-

251 1588 368 1619 turos.
430 1579 588 1619 Etenim
620 1593 738 1630 quern
760 1593 882 1617 unum
912 1592 958 1617 ex
985 1579 1136 1617 cunctis
1162 1579 1404 1630 delegissetis
1425 1587 1468 1618 ut
1494 1594 1584 1619 eum

249 1645 436 1684 omnibus
458 1644 635 1683 omnium
657 1643 834 1695 gentium
858 1644 968 1682 bellis
990 1652 1089 1683 terra
1110 1651 1147 1683 et
1169 1644 1263 1682 mari
1280 1645 1583 1696 praeponeretis,

249 1718 354 1749 certe
382 1710 422 1748 in
447 1709 566 1748 xviris
592 1709 781 1748 faciendis
811 1709 890 1748 sive
921 1711 1018 1748 fides
1047 1710 1361 1761 habereturxsive
1386 1711 1525 1759 honos,
1547 1719 1585 1750 et

249 1775 441 1815 committi
482 1775 573 1814 huic
615 1775 763 1825 optime
814 1782 851 1814 et
897 1774 1023 1813 ornari
1065 1776 1170 1813 hunc
1214 1774 1425 1814 iustissime
1468 1790 1584 1826 posse

190 1855 229 1887 24
249 1840 538 1891 intellegebant.
601 1842 741 1890 Itaque
774 1839 964 1890 excipitur
985 1841 1058 1878 hac
1087 1841 1170 1890 lege
1197 1854 1277 1879 non
1303 1841 1581 1888 adulescentia,

249 1919 330 1944 non
359 1905 577 1955 legitimum
612 1904 774 1954 aliquod
806 1904 1147 1955 impedimentum,
1178 1919 1259 1944 non
1289 1913 1474 1956 potestas,
1504 1920 1584 1945 non

251 1970 496 2022 magistratus
530 1972 631 2009 ullus
663 1970 746 2008 aliis
781 1969 946 2020 negotiis
974 1984 1019 2008 ac
1053 1970 1204 2021 legibus
1239 1970 1463 2021 impeditus,
1497 1985 1584 2010 reus

295 2087 313 2105 2
340 2075 523 2115 proliibuitl
545 2074 687 2115 privavit
705 2074 741 2105 N
885 2084 904 2113 3
928 2073 1081 2104 evocavit
1098 2073 1129 2104 E
1269 2085 1286 2112 4
1313 2074 1440 2105 creavit
1459 2073 1584 2113 Aquila

249 2119 357 2159 desig.
377 2121 392 2156 ξ
411 2121 464 2157 36,
484 2118 583 2149 Mart.
605 2117 683 2158 Cap.
704 2121 719 2156 ξ
736 2128 795 2156 534
815 2128 822 2147 z
848 2117 1049 2147 renuntiavit
1062 2116 1151 2149 codd.
1323 2119 1344 2147 6
1369 2118 1466 2148 inodo
1478 2117 1583 2158 suppl.

252 2163 376 2193 Me'iller
508 2173 523 2201 7
550 2162 694 2193 arbitror
726 2172 763 2191 c:
807 2160 950 2191 arbitrar
973 2160 1021 2192 E:
1064 2161 1246 2192 arbitrarer
1280 2165 1345 2191 cell.
1426 2166 1582 2200 optumae

252 2205 310 2236 Mo
441 2208 460 2236 8
485 2205 685 2245 exceptione
704 2204 893 2245 Naugerius
908 2204 957 2242 (1)
978 2215 983 2234 :
1009 2204 1202 2244 suspicione
1221 2205 1310 2235 codd.
1421 2204 1495 2244 lege
1520 2205 1582 2235 sibi

251 2261 311 2280 sua
330 2249 380 2280 E:
406 2249 490 2288 legis
510 2250 578 2289 (-es
594 2250 624 2284 e)
641 2248 703 2279 sibi
722 2258 782 2281 sua
800 2248 875 2287 lege
892 2251 956 2278 cett.
1105 2258 1144 2279 10
1167 2249 1266 2289 quos]
1285 2259 1369 2288 quae
1387 2248 1419 2278 E
1546 2258 1584 2278 12

252 2293 440 2332 repudiavit
456 2293 502 2323 Ec
601 2292 633 2321 in
653 2291 761 2322 indice
779 2291 825 2321 Ec
842 2302 847 2321 :
873 2290 1016 2321 invidiae
1035 2295 1101 2322 cell.
1247 2302 1283 2331 15
1309 2302 1351 2323 ex
1375 2292 1583 2323 Torrentius:

252 2337 283 2367 ei
305 2336 379 2376 <sibi
396 2334 444 2374 N)
466 2334 552 2366 codd.
694 2336 732 2365 16
756 2334 837 2365 illud
857 2334 1005 2374 supplevi
1134 2346 1175 2375 23
1202 2341 1234 2366 et
1248 2335 1346 2377 mari]
1363 2335 1510 2375 marique
1528 2335 1583 2373 Εχ

252 2381 294 2410 26
319 2379 392 2418 lege
411 2384 562 2419 potestas
579 2388 645 2409 non
663 2377 725 2409 Eae
887 2379 929 2408 28
954 2388 991 2409 ac
1008 2376 1137 2417 legibus
1154 2389 1219 2411 om.
1241 2378 1269 2410 E
1403 2379 1496 2420 reus]
1516 2389 1580 2409 non

254 2433 333 2456 rcus
353 2424 382 2463 k,
404 2422 625 2454 Lauredamts

1608 812 1647 836 10

1606 1132 1644 1165 15

1607 1467 1646 1489 20

1607 1794 1646 1825 25
