1747 2620
221 119 247 147 2
267 116 286 147 6
632 110 689 147 M.
721 110 889 146 TVLLI
923 108 1231 147 CICERONIS

220 337 244 374 3

229 396 245 429 7

265 221 371 272 ipsos
400 237 511 273 agros
542 222 581 260 in
612 221 755 272 quibus
786 221 849 259 ille
878 220 996 259 etiam
1026 233 1132 258 nunc
1163 219 1307 257 bellum
1339 224 1445 268 gerat
1473 224 1593 267 atque

264 289 465 326 versetur?

322 355 413 391 Hoc
437 366 526 391 vero
549 352 659 391 cuius
681 352 788 392 modi
812 360 879 399 est,
904 353 1013 402 quod
1038 351 1121 390 eius
1148 349 1342 389 auctionis
1364 362 1481 399 (1113111
1504 361 1593 385 con-

265 419 431 457 stituunt
461 420 591 457 locum
621 418 694 456 sibi
720 420 871 457 nullum
902 418 1127 457 definiunt?
1185 418 1288 454 Nam
1310 415 1428 453 xviris
1451 413 1593 463 quibus

265 483 306 522 in
333 483 429 522 locis
459 484 553 534 ipsis
584 483 763 522 videatur
796 482 996 522 vendendi
1027 489 1200 533 potestas
1230 483 1314 531 lege
1344 478 1589 531 permittitur.
1612 496 1629 527 5

265 549 505 589 Censoribus
537 549 739 599 vectigalia
770 551 899 588 locare
928 548 1003 586 nisi
1033 547 1072 585 in
1103 554 1318 597 conspectu
1348 544 1482 596 populi
1514 546 1593 582 Ro-

265 614 369 653 mani
400 628 480 652 non
511 614 626 661 licet;
662 614 722 653 his
753 615 924 653 vendere
953 615 1013 651 vel
1048 613 1087 650 in
1118 611 1265 650 ultimis
1293 610 1401 650 terris
1429 610 1594 648 licebit?

265 682 317 717 At
347 681 422 718 hoc
452 679 569 717 etiam
602 679 833 729 nequissimi
863 678 1045 718 homines
1075 676 1320 727 consumptis
1350 675 1593 726 patrimoniis

265 744 410 782 faciunt
432 752 473 782 ut
499 744 535 782 in
559 745 662 782 atriis
686 744 936 783 auctionariis
959 744 1089 794 potius
1115 756 1235 793 quam
1255 742 1294 779 in
1326 741 1445 780 triviis
1467 749 1531 779 aut
1554 741 1591 779 in

264 810 446 860 compitis
477 810 779 858 auctionentur3
817 809 880 847 hic
911 808 1100 860 permittit
1128 822 1197 847 sua
1227 809 1311 857 lege
1333 806 1451 845 xviris
1481 815 1522 845 ut
1553 807 1592 845 in
1617 823 1654 845 10

264 875 408 925 quibus
438 877 697 914 commodum
721 874 767 913 sit
789 875 972 922 tenebris,
997 882 1039 913 ut
1063 873 1102 912 in
1125 888 1202 924 qua
1227 873 1346 912 velint
1368 872 1593 922 solitudine,

225 950 243 979 S
264 941 369 979 bona
389 940 525 991 populi
547 940 719 980 Romani
749 940 899 991 possint
927 940 1151 978 divendere.
1207 941 1293 979 Iam
1324 938 1387 977 illa
1409 938 1593 977 omnibus

263 1005 302 1044 in
338 1005 559 1057 provinciis,
597 1008 734 1057 regnis,
778 1005 908 1045 liberis
948 1004 1103 1056 populis
1139 1018 1258 1055 quam
1287 1005 1442 1053 acerba,
1474 1018 1593 1055 quam

263 1071 527 1117 formidolosa,
547 1085 666 1121 quam
682 1080 919 1122 quaestuosa
936 1070 1184 1109 concursatio
1207 1069 1363 1107 xviralis
1386 1071 1513 1109 futura
1533 1070 1591 1118 sit,

263 1151 343 1176 non
364 1136 536 1176 videtis?
596 1137 875 1176 Hereditatum
902 1137 1175 1175 obeundarum
1206 1149 1324 1173 causa
1353 1135 1496 1186 quibus
1524 1150 1592 1175 vos
1617 1151 1652 1183 ¹5

262 1202 476 1253 legationes
506 1201 682 1250 dedistis,
707 1202 773 1252 qui
805 1210 842 1241 et
873 1200 1009 1252 privati
1038 1208 1075 1238 et
1105 1200 1298 1250 privatum
1319 1201 1370 1239 ad
1390 1201 1591 1251 negotium

262 1267 437 1306 exierunt
478 1281 556 1305 non
599 1267 777 1305 maximis
820 1267 961 1317 opibus
1001 1280 1131 1315 neque
1171 1280 1325 1304 summa
1363 1267 1593 1305 auctoritate

262 1332 437 1383 praediti,
456 1340 588 1371 tamen
610 1333 753 1371 auditis
776 1333 952 1384 profecto
969 1345 1087 1382 quam
1101 1345 1235 1381 graves
1252 1345 1387 1370 eorum
1401 1333 1593 1370 adventus

223 1398 376 1446 9sociis
415 1398 556 1437 nostris
597 1413 682 1437 esse
723 1400 884 1437 soleant.
945 1400 1076 1446 Quam
1117 1398 1168 1435 ob
1197 1411 1278 1435 rem
1314 1397 1409 1447 quid
1449 1398 1592 1448 putatis

202 2139 238 2159 10

261 1462 488 1513 impendere
510 1465 583 1502 hac
605 1465 690 1514 lege
713 1463 898 1502 omnibus
919 1463 1102 1513 gentibus
1130 1462 1282 1501 terroris
1310 1471 1348 1502 et
1376 1463 1477 1512 mali,
1501 1479 1590 1503 cum
1614 1482 1655 1504 20

261 1528 519 1567 immittantur
549 1529 588 1567 in
619 1530 754 1568 orbem
787 1536 974 1567 terrarum
996 1528 1095 1566 xviri
1120 1542 1276 1567 summo
1297 1542 1387 1567 cum
1416 1528 1590 1580 imperio,

260 1608 413 1632 summa
434 1608 523 1632 cum
546 1594 705 1633 avaritia
732 1594 963 1644 infinitaque
990 1594 1169 1632 omnium
1197 1608 1323 1633 rerum
1346 1594 1593 1644 cupiditate?

260 1673 426 1709 (1110111111
448 1674 537 1698 011111
566 1661 759 1698 adventus
791 1674 937 1709 graves,
962 1673 1051 1697 cum
1081 1661 1205 1697 fasces
1229 1659 1484 1707 formidolosi,
1509 1668 1591 1698 tum

260 1738 350 1763 vero
379 1725 568 1764 iudicium
599 1739 644 1763 ac
676 1733 849 1775 potestas
882 1724 953 1763 erit
984 1739 1064 1763 non
1098 1726 1282 1772 ferenda,-
1323 1725 1455 1763 licebit
1486 1725 1590 1764 enim

259 1791 367 1840 quod
388 1789 583 1829 videbitur
607 1790 812 1841 publicum
838 1790 1019 1837 iudicare,
1044 1792 1153 1841 quod
1181 1790 1388 1829 iudicarint
1409 1792 1589 1830 vendere.
1612 1806 1652 1838 25

260 1854 389 1893 Etiam
411 1855 506 1895 illud
528 1857 637 1907 quod
664 1856 846 1895 homines
877 1857 1001 1896 sancti
1027 1871 1107 1896 non
1135 1856 1288 1904 facient,
1314 1864 1354 1895 ut
1383 1857 1591 1907 pecuniam

257 1920 451 1971 accipiant
472 1936 522 1961 ne
544 1923 728 1969 vendant,
757 1930 888 1961 tamen
913 1923 951 1962 id
974 1923 1028 1962 eis
1060 1923 1188 1974 ipsum
1209 1936 1278 1974 per
1298 1924 1424 1973 legem
1446 1922 1588 1961 licebit.

260 1987 367 2026 Hinc
389 2001 457 2026 vos
485 2001 582 2038 quas
612 1988 878 2038 spoliationes,
904 2004 1001 2039 quas
1029 1990 1243 2040 pactiones,
1270 2003 1388 2039 quam
1419 1987 1591 2038 denique

258 2053 297 2091 in
332 2053 517 2092 omnibus
547 2054 643 2093 locis
679 2055 1008 2094 nundinationem
1040 2055 1131 2093 iuris
1162 2069 1207 2094 ac
1237 2056 1479 2093 fortunarum
1510 2055 1591 2092 fore

258 2119 431 2170 putatis?
491 2120 664 2168 Etenim,
702 2122 810 2171 quod
844 2121 1042 2172 superiore
1076 2129 1184 2171 parte
1217 2120 1310 2170 legis
1342 2119 1590 2171 praefinitum
1612 2129 1653 2160 30

306 2236 316 2256 1
347 2226 446 2258 ctiam
466 2225 521 2257 illc
541 2226 573 2257 E
705 2236 725 2265 3
750 2226 858 2267 cuius]
878 2226 951 2257 eius
967 2225 1025 2256 Mo
1168 2235 1186 2263 5
1214 2225 1296 2265 ipsis
1312 2236 1376 2256 om.
1398 2235 1418 2254 u
1555 2234 1588 2254 11

259 2275 294 2301 ut
311 2271 343 2300 in
360 2270 442 2312 qua]
461 2275 516 2301 aut
535 2270 567 2301 in
582 2281 647 2310 qua
671 2270 847 2300 illannlz'us
863 2281 867 2300 :
894 2269 945 2300 vel
970 2270 1002 2299 in
1025 2280 1089 2308 qua
1110 2267 1218 2298 Halm
1400 2279 1436 2299 12
1463 2267 1592 2308 possint

260 2313 463 2353 divendere]
482 2315 631 2344 vendant
648 2313 680 2344 E
793 2316 830 2344 16
854 2313 1007 2353 privatim
1025 2313 1065 2343 ad
1083 2312 1119 2342 Ν
1219 2324 1257 2351 19
1281 2311 1403 2343 vestris
1419 2311 1451 2342 E
1551 2321 1588 2341 21

262 2357 485 2388 immittantur
505 2358 571 2388 Ec:
597 2357 773 2388 mittantur
793 2362 889 2389 1111111-
910 2355 961 2386 Ma
979 2360 1043 2387 coll.
1197 2367 1237 2386 22
1262 2365 1372 2386 rerum
1397 2354 1545 2386 oninium
1563 2353 1595 2385 E

261 2402 302 2431 28
325 2400 569 2442 spoliationes]
586 2401 791 2440 sponsiones
808 2400 962 2431 Pithoeus
