1716 2662
270 74 378 112 PRO
410 75 456 122 Q.
493 74 698 113 ROSCIO
730 74 1011 113 COMOEDO
1043 74 1259 113 ORATIO
1407 75 1431 113 8
1454 92 1490 113 22

105 186 218 224 erat?
290 187 421 224 Immo
461 186 580 225 etiam
622 193 715 224 ante
757 199 877 236 quam
916 187 1094 236 locuples
1138 192 1236 232 esset,
1278 199 1433 237 semper

105 250 396 289 liberalissimus
424 250 892 301 munificentissimusque
917 251 997 289 fuit.
1060 253 1135 289 Pro
1161 252 1281 290 deum
1310 252 1432 290 homi·
1453 266 1490 295 ²3·

104 330 279 367 numque
300 317 443 355 fidem!
471 316 538 367 qui
561 318 630 355 HS
653 329 743 355 1333
763 328 932 356 6661333
953 324 1138 367 quaestus
1159 318 1285 356 facere
1306 317 1432 356 noluit

102 395 248 420 ——11am
279 389 382 420 certe
413 383 483 420 HS
514 393 603 419 1333
632 393 801 419 6661333
825 395 972 420 merere
996 389 1034 420 et
1062 381 1190 432 potuit
1217 389 1254 421 et
1282 382 1429 429 debuit,

65 446 134 492 5si
173 454 301 497 potest
338 446 528 496 Dionysia
564 448 634 485 HS
674 459 842 485 CCC1333
881 439 1050 485 6661333
1089 447 1323 486 merere—is
1364 461 1432 498 per

102 526 298 551 summam
346 513 523 551 fraudem
571 520 609 551 et
655 512 843 551 malitiam
889 520 927 552 et
974 513 1178 563 perfidiam
1223 515 1293 551 HS
1342 525 1431 552 1333

100 577 293 628 appetiit?
352 579 403 616 Et
424 577 489 616 illa
516 577 587 616 fuit
616 577 785 628 pecunia
814 578 1009 625 immanis,
1039 579 1136 617 haec
1165 580 1334 629 parvola,
1367 578 1430 617 illa

101 643 277 690 honesta,
295 644 394 681 haec
414 643 582 690 sordida,
602 643 667 681 illa
687 642 869 690 iucunda,
889 645 986 682 haec
1006 644 1157 691 acerba,
1178 643 1241 682 illa
1262 644 1427 695 propria,

101 709 199 747 haec
233 708 272 746 in
299 722 416 747 causa
447 716 486 747 et
520 708 560 746 in
591 707 738 747 iudicio
767 710 985 748 conlocata.
1047 710 1198 747 Decem
1228 709 1287 747 his
1316 709 1429 748 annis

46 790 83 812 10
101 773 286 824 proximis
309 775 379 812 HS
400 773 601 823 sexagiens
618 773 893 813 honestissime
910 774 1100 825 consequi
1121 774 1266 825 potuit;
1290 774 1426 813 noluit.

102 839 297 877 Laborem
317 847 502 889 quaestus
524 838 680 889 recepit,
702 847 910 889 quaestum
931 839 1074 878 laboris
1095 839 1226 878 reiecit
1242 855 1252 888 ,-
1280 842 1429 890 populo

100 906 287 942 Romano
307 905 439 942 adhuc
460 903 600 942 servire
622 917 702 942 non
731 904 891 952 destitit,
915 904 989 943 sibi
1010 905 1151 944 servire
1178 904 1255 943 iam
1276 904 1428 956 pridem

98 969 257 1008 destitit.
301 971 393 1007 Hoc
414 977 455 1007 tu
469 982 669 1019 umquam,
690 969 825 1016 Fanni,
845 971 1020 1008 faceres?
1040 978 1077 1009 et
1100 970 1129 1008 si
1150 971 1222 1009 hos
1244 978 1428 1020 quaestus
1450 988 1490 1018 24

99 1034 269 1084 recipere
296 1048 440 1084 posses
469 1048 549 1072 non
577 1035 718 1073 eodem
747 1043 923 1085 tempore
951 1043 988 1074 et
1017 1043 1170 1085 gestum
1195 1043 1233 1074 et
1255 1035 1427 1074 animam

43 1115 79 1147 15
97 1101 260 1150 ageres?
320 1099 395 1137 Dic
418 1112 524 1137 nunc
554 1107 592 1138 te
621 1099 672 1138 ab
701 1099 849 1138 Roscio
877 1101 947 1139 Hs
975 1112 1065 1139 1333
1089 1100 1426 1152 circumscriptum

98 1178 194 1212 esse,
235 1164 302 1215 qui
341 1172 467 1203 tantas
507 1171 545 1203 et
583 1173 663 1203 tarn
708 1164 879 1203 infinitas
919 1165 1106 1216 pecunias
1151 1180 1232 1205 non
1272 1175 1428 1217 propter

98 1230 276 1270 inertiam
315 1232 458 1271 laboris
498 1234 568 1272 sed
611 1241 769 1284 propter
812 1234 1144 1284 magnificentiam
1187 1234 1427 1273 liberalitatis

98 1297 332 1348 repudiarit!
404 1298 512 1347 Quid
553 1312 626 1350 ego
666 1313 772 1337 nunc
816 1299 880 1338 illa
922 1299 1051 1338 dicam
1094 1313 1195 1350 quae
1236 1300 1347 1338 vobis
1388 1300 1427 1338 in

99 1370 272 1400 mentem
312 1363 442 1402 venire
485 1371 592 1402 certo
636 1364 747 1402 scio?
818 1365 1043 1403 Fraudabat
1081 1372 1119 1403 te
1162 1364 1202 1403 in
1241 1365 1428 1404 societate

41 1445 80 1467 20
100 1427 292 1466 Roscius!
361 1430 458 1467 Sunt
502 1429 593 1477 iura,
635 1437 725 1468 sunt
764 1430 954 1468 formulae
996 1431 1047 1468 de
1086 1430 1271 1468 omnibus
1311 1431 1427 1469 rebus

97 1493 344 1541 constitutae,
373 1507 423 1532 ne
455 1494 542 1544 quis
566 1502 633 1533 aut
665 1494 703 1533 in
735 1508 876 1545 genere
910 1494 1072 1534 iniuriae
1102 1503 1170 1534 aut
1203 1497 1244 1534 ia
1277 1496 1427 1535 ratione

95 1559 262 1598 actionis
304 1573 429 1598 errare
472 1559 604 1610 possit.
676 1562 893 1610 Expressae
934 1568 1024 1599 sunt
1072 1561 1177 1599 enirn
1226 1575 1272 1600 ex
1311 1562 1426 1600 unius

95 1624 286 1675 cuiusque
324 1626 483 1673 damno,
524 1627 670 1673 dolore,
712 1626 980 1673 incommodo,
1018 1626 1250 1674 calamitate,
1287 1627 1425 1666 iniuria

97 1690 277 1741 publicae
297 1704 319 1729 a
340 1699 517 1741 praetore
542 1693 742 1739 formulae,
765 1693 815 1730 ad
841 1705 938 1742 quas
959 1691 1107 1742 privata
1131 1692 1177 1730 lis
1201 1706 1423 1732 accommo-

38 1770 77 1802 25
96 1757 219 1794 datur.
280 1757 394 1805 Quae
432 1770 523 1794 cum
554 1757 607 1794 ita
645 1756 731 1803 sint,
769 1770 837 1795 cur
875 1770 955 1795 non
989 1757 1176 1796 arbitrum
1211 1771 1281 1808 pro
1315 1758 1423 1797 socio

95 1821 271 1871 adegeris
315 1823 362 1870 Q.
411 1821 601 1860 Roscium
651 1835 806 1872 quaero.
882 1824 1108 1860 Formulam
1152 1836 1232 1861 non
1280 1826 1424 1862 noras?

98 1886 313 1925 Notissima
352 1895 443 1926 erat.
517 1886 671 1926 Iudicio
709 1887 814 1938 gravi
853 1887 1015 1938 experiri
1054 1888 1248 1928 nolebas?
1315 1889 1424 1937 Quid

96 1951 176 1990 ita?
219 1960 376 2002 propter
414 1952 714 1991 familiaritatem
754 1955 956 1992 veterem?
1024 1954 1105 1993 Cur
1143 1967 1233 2004 ergo
1273 1955 1425 1994 laedis?

1442 1741 1469 1778 9

1444 1801 1482 1831 25

142 2066 154 2086 1
183 2061 273 2086 esset
297 2056 404 2096 suppl.
432 2055 540 2087 Halm
722 2065 742 2096 3
766 2059 795 2086 et
817 2067 837 2094 4
867 2066 939 2087 1333
963 2065 1095 2088 6661333
1119 2056 1265 2088 ΞεΙιιῖίεε
1300 2067 1423 2088 6661111

95 2108 217 2130 6661111
249 2109 372 2130 6661111
401 2099 516 2132 codd.:
555 2109 690 2132 6661333
721 2109 854 2131 6661333
884 2110 1019 2131 6661333
1048 2100 1247 2141 Naugerius,
1282 2101 1372 2140 quod
1396 2102 1427 2132 si

96 2153 211 2174 verum
228 2144 279 2182 sit,
301 2154 329 2175 v.
350 2155 370 2184 9
383 2144 501 2183 viginti
521 2144 599 2183 (xx)
612 2150 675 2184 pro
691 2144 806 2175 decem
826 2145 877 2183 (x)
899 2144 1072 2185 legendmn
1086 2144 1148 2175 vid.
1255 2155 1274 2184 5
1299 2155 1421 2176 cccmu

96 2197 218 2218 cccuu
241 2187 354 2219 codd:
380 2198 456 2218 corr.
476 2187 667 2228 Naugerius
802 2198 836 2218 11
864 2192 1025 2227 quaestus
1054 2187 1178 2219 laboris
1202 2187 1289 2219 codd.
1309 2199 1317 2219 z
1343 2200 1420 2220 coma

95 2229 278 2261 Beroaldus
434 2241 471 2270 13
496 2237 530 2262 et
556 2231 747 2263 Turnebus:
771 2232 831 2262 sed
854 2231 944 2264 codd.
1102 2241 1140 2262 21
1167 2232 1200 2262 in
1224 2232 1350 2263 ratione
1374 2232 1418 2271 b‘-',

96 2272 304 2305 Lambinus:
339 2275 469 2306 ratione
497 2278 560 2306 cett.
717 2285 757 2314 24
786 2275 938 2315 publicae
965 2273 1158 2316 Naugerius
1188 2276 1264 2317 (1):
1289 2274 1421 2316 publica

97 2318 157 2348 hae
171 2318 258 2350 codd.
