1716 2662
388 78 462 114 DE
495 78 639 114 LEGE
670 78 925 114 AGRARIA
957 78 1173 115 ORATIO
1206 80 1246 116 ΙΙ
1429 79 1481 117 28
1503 94 1542 130 75

154 187 410 233 obsidebunt,
449 188 553 226 idem
597 195 763 226 vestram
812 187 1030 227 libertatem
1074 189 1154 227 suis
1198 190 1399 240 praesidiis
1444 199 1479 228 et

153 253 319 291 coloniis
360 253 609 291 interclusam
648 254 851 300 tenebunt,
893 268 994 303 quae
1037 268 1126 304 spes
1166 257 1338 301 tandem,
1380 270 1480 306 quae

154 319 318 356 facultas
347 320 638 368 recuperandae
668 327 817 357 vestrae
846 319 1036 357 libertatis
1066 319 1335 370 relinquetur?

207 385 259 421 At
289 383 393 421 enim
423 397 513 433 ager
543 385 770 433 Campanus
801 385 874 422 hac
904 386 988 434 lege
1018 384 1213 423 dividetur
1242 386 1325 424 orbi
1358 394 1480 424 terrae
1503 392 1540 422 -6

116 463 132 492 5
153 448 438 498 pulcherrimus
473 456 511 487 ct
546 450 724 498 Capuam
765 449 922 487 colonia
959 451 1191 498 deducetur,
1225 452 1362 490 urbem
1401 466 1480 489 am-

152 513 367 563 plissimam
416 523 535 564 atque
578 514 877 552 ornatissimam.
949 515 1058 564 Quid
1101 518 1151 554 ad
1201 517 1298 554 haec
1346 530 1479 566 possu⁴

152 593 239 617 mus
268 579 431 618 dicere?
489 581 551 618 De
580 581 794 617 commodo
824 579 929 629 prius
959 588 1087 618 vestro
1117 581 1256 629 dicam,
1283 581 1479 630 Quirites;

153 644 297 682 deinde
318 645 368 683 ad
398 644 699 695 amplitudinem
727 652 765 682 et
795 644 1025 694 dignitatem
1056 654 1234 694 revertar,
1258 655 1309 693 ut,
1334 647 1363 684 si
1393 647 1479 696 quis

151 709 230 759 agri
260 718 327 748 aut
356 710 491 760 oppidi
522 709 698 748 bonitate
733 711 960 758 delectatur,
992 725 1042 749 ne
1076 711 1173 761 quid
1207 720 1415 762 exspectet,
1449 712 1480 750 si

94 789 134 812 ιο
152 788 270 824 quem
292 775 345 814 rei
367 775 575 825 indignitas
602 783 836 822 commovet,
860 783 901 813 ut
932 775 1023 813 huic
1053 775 1257 815 simulatae
1286 777 1479 827 largitioni

151 840 311 879 resistat.
372 843 431 879 Ac
465 841 634 891 primum
667 842 716 879 de
749 840 898 890 oppido
932 841 1073 889 dicam,
1101 842 1131 880 si
1167 842 1254 892 quis
1289 851 1346 881 est
1382 845 1478 881 forte

151 919 267 955 quem
300 907 437 956 Capua
467 906 588 956 magis
623 920 742 956 quam
770 908 902 944 Roma
932 908 1111 945 delectet.
1170 910 1207 944 V
1237 908 1342 946 milia
1376 910 1480 946 colo-

151 984 290 1008 norum
327 972 505 1021 Capuam
541 971 655 1009 scribi
685 971 821 1019 iubet,-
859 973 910 1010 ad
944 973 1050 1010 hunc
1085 986 1292 1011 numerum
1320 973 1479 1023 quinge-

151 1049 223 1074 nos
244 1035 316 1073 sibi
335 1036 473 1086 singuli
497 1045 667 1074 sumunt.
715 1038 886 1085 Quaeso,
905 1036 1025 1075 nolite
1045 1046 1197 1076 vosmet
1219 1038 1324 1088 ipsos
1341 1052 1478 1077 conso—

94 1115 128 1145 15
152 1101 246 1148 lari,
275 1115 364 1139 vere
385 1110 421 1139 et
440 1101 645 1150 diligenter
665 1101 923 1140 considerate.
988 1103 1095 1140 Num
1124 1103 1235 1141 vobis
1268 1111 1334 1141 aut
1362 1104 1477 1142 vestri

150 1165 342 1204 similibus
370 1166 537 1216 integris,
561 1166 714 1216 quietiS‚
738 1166 873 1204 otiosis
901 1166 1129 1205 hominibus
1150 1167 1189 1205 in
1211 1169 1288 1206 hoc
1312 1182 1476 1207 numero

150 1232 280 1269 locum
302 1233 382 1269 fore
403 1231 580 1282 putatis?
628 1231 666 1269 Si
689 1239 747 1269 est
768 1231 953 1270 omnibus
975 1233 1087 1271 vobis
1109 1233 1291 1272 maiorive
1305 1242 1476 1272 vestrum

150 1296 257 1345 parti,
286 1309 527 1346 quamquam
560 1310 622 1335 me
652 1305 778 1335 vester
806 1299 933 1335 honos
961 1297 1118 1347 vigilare
1153 1298 1236 1337 dies
1263 1306 1382 1349 atque
1411 1313 1477 1338 no-

150 1369 230 1399 ctes
247 1370 284 1400 et
301 1361 459 1400 intentis
481 1362 605 1410 oculis
627 1362 755 1399 omnis
777 1362 829 1400 rei
852 1362 1033 1412 publicae
1054 1363 1172 1413 partis
1194 1363 1335 1403 intueri
1356 1365 1474 1412 iubet,

90 1440 130 1461 20
149 1433 280 1464 tamen
311 1426 516 1476 paulisper,
540 1426 569 1464 si
601 1426 652 1464 ita
679 1428 935 1465 commodum
966 1436 1135 1465 vestrum
1165 1429 1246 1474 fert,
1269 1429 1473 1468 conivebO.

149 1492 227 1529 Sed
275 1490 305 1529 si
352 1503 375 1527 v
416 1491 621 1529 hominum
672 1491 829 1529 milibus
876 1493 927 1529 ad
966 1491 1055 1538 vim,
1104 1493 1254 1531 facinus
1299 1496 1477 1533 caedem—

147 1569 224 1606 que
263 1557 424 1595 delectis
463 1558 572 1595 locus
607 1564 724 1606 atque
759 1557 850 1594 urbs
883 1570 984 1606 quae
1020 1557 1166 1595 bellum
1202 1560 1327 1597 facere
1357 1568 1476 1610 atque

147 1622 335 1661 instruere
356 1622 478 1673 possit
499 1622 706 1672 quaeritur,
730 1630 914 1660 tamenne
943 1622 1145 1672 patiemini
1166 1632 1294 1662 vestro
1314 1626 1476 1664 nomine

146 1695 281 1726 contra
302 1702 370 1726 vos
392 1688 534 1726 firmari
555 1702 661 1738 opes,
685 1688 822 1726 armari
846 1688 1049 1738 praesidia,
1068 1689 1184 1734 urbis,
1202 1703 1324 1739 agrOS,
1342 1692 1474 1742 copias

89 1763 126 1795 25
146 1753 391 1804 comparari?
448 1755 551 1792 Nam
581 1767 715 1803 agrum
746 1753 907 1803 quidem
939 1755 1189 1804 Campanum
1217 1768 1334 1805 quem
1363 1757 1473 1795 vobis
1497 1761 1536 1800 78

145 1826 344 1857 ostentant
374 1818 446 1869 ipsi
477 1819 811 1868 concupiverunt3
841 1820 1041 1857 deducent
1071 1833 1173 1867 suos,
1207 1834 1373 1870 quorum
1408 1836 1475 1860 no-

146 1884 251 1922 mine
273 1884 345 1934 ipsi
367 1892 525 1923 teneant
546 1892 583 1923 et
600 1886 800 1932 fruantur3
829 1892 1012 1923 coement
1029 1892 1254 1934 praeterea,-
1283 1886 1355 1925 ista
1371 1889 1474 1926 dena

1523 1051 1538 1083 *Ι

1500 1050 1515 1084 χῐ

189 1993 208 2012 2
232 1982 356 2012 colonis
383 1982 429 2012 Ee
553 1994 571 2021 4
600 1983 671 2014 orbi
700 1982 796 2021 Mac:
830 1983 910 2012 orbe
938 1981 1040 2012 EeN:
1079 1983 1170 2013 orbis
1193 1984 1212 2014 le
1240 1984 1290 2024 (cs.
1319 1985 1403 2016 Verr.
1430 1986 1470 2017 iv.

145 2027 201 2061 82)
320 2026 340 2055 6
366 2025 453 2064 Quid
470 2025 623 2057 Ernesti:
647 2028 737 2067 atqui
766 2027 811 2066 (fe
829 2025 934 2064 Mpa‘v‘)
963 2025 1042 2065 quid
1068 2026 1155 2058 codd.
1185 2029 1280 2067 (soit.
1299 2039 1337 2058 ex
1352 2030 1395 2060 al.
1416 2029 1473 2069 qui

145 2070 239 2108 quid)
406 2079 422 2108 7
447 2075 561 2101 vestro
580 2071 671 2110 prius
688 2070 757 2101 EN
916 2070 935 2099 8
961 2069 1007 2099 rci
1030 2075 1181 2100 revertar
1197 2071 1325 2111 Kayser
1451 2083 1473 2111 9

146 2113 336 2143 delectetur
362 2112 697 2150 (-entu1·Ee‘icocld.:
723 2125 799 2145 corr.
824 2113 1013 2144 Lambinus
1185 2125 1220 2144 io
1245 2116 1291 2145 rei
1318 2126 1347 2154 p.
1372 2116 1478 2147 Orelli

146 2156 326 2195 indignitas
344 2156 431 2188 Mo‘v‘
448 2168 453 2187 ε
480 2157 625 2196 dignitas
642 2162 705 2189 cell.
914 2168 951 2188 12
978 2157 1123 2188 delectet
1141 2157 1191 2187 El.»
1208 2170 1213 2187 z
1241 2158 1388 2189 delectat
1405 2164 1469 2191 cett.

149 2209 185 2238 13
209 2200 468 2240 quinquagenos
484 2201 570 2232 codd.
591 2213 596 2232 :
621 2212 699 2233 corr.
723 2201 944 2232 Lamz‘danus
1076 2212 1111 2240 14
1138 2206 1271 2231 sument
1287 2201 1322 2232 N
1434 2213 1470 2242 15

146 2243 250 2273 vestri
267 2244 306 2274 le:
332 2244 453 2274 vestris
467 2248 529 2275 (etl.
624 2247 662 2275 16
683 2245 840 2276 omnibus
855 2245 943 2276 codd.
966 2256 972 2276 :
997 2255 1073 2276 corr.
1095 2245 1261 2285 Angelius
1353 2256 1388 2285 17
1415 2257 1471 2277 -vc

147 2286 252 2327 suppl.
273 2286 405 2317 Richter
513 2289 549 2318 18
574 2298 670 2327 quarn
690 2289 778 2322 codd.
795 2301 802 2320 :
827 2300 906 2321 corr.
925 2289 1091 2329 Angelius
1205 2299 1246 2319 20
1271 2289 1357 2320 seret
1374 2289 1420 2321 ed.
1445 2289 1474 2320 V

149 2332 366 2361 commovebo
386 2331 430 2361 Ee
448 2343 454 2361 :
479 2333 696 2363 commonebo
713 2336 777 2365 cett.
794 2344 801 2364 τ
827 2344 906 2364 corr.
924 2333 1089 2373 Angelius
1207 2343 1248 2363 22
1272 2333 1422 2364 delectus
1438 2334 1475 2364 N

149 2384 189 2413 23
213 2374 383 2414 patiamini
401 2374 451 2414 εχ1
470 2386 475 2406 :
504 2375 641 2414 patienti
658 2376 690 2406 E
820 2387 859 2416 27
886 2382 1040 2408 coemant
1059 2375 1147 2408 codd.
1169 2387 1176 2407 z
1199 2387 1275 2409 corr.
1294 2375 1471 2409 Manutius
