<?xml version="1.0" encoding="UTF-8"?>
<!DOCTYPE html PUBLIC "-//W3C//DTD XHTML 1.0 Transitional//EN"
    "http://www.w3.org/TR/xhtml1/DTD/xhtml1-transitional.dtd">
<html xmlns="http://www.w3.org/1999/xhtml" xml:lang="en" lang="en">
 <head>
  <title>
</title>
<meta http-equiv="Content-Type" content="text/html;charset=utf-8" />
  <meta name='ocr-system' content='tesseract 3.04.00' />
  <meta name='ocr-capabilities' content='ocr_page ocr_carea ocr_par ocr_line ocrx_word'/>
</head>
<body>
  <div class='ocr_page' id='page_1' title='image "./orationesrecogno04ciceuoft/orationesrecogno04ciceuoft_0065.png"; bbox 0 0 1716 2662; ppageno 0'>
   <div class='ocr_carea' id='block_1_1' title="bbox 329 506 1142 554">
    <p class='ocr_par' dir='ltr' id='par_1_1' title="bbox 329 506 1142 554">
     <span class='ocr_line' id='line_1_1' title="bbox 329 506 1142 554; baseline -0.001 0"><span class='ocrx_word' id='word_1_1' title='bbox 329 507 397 554; x_wconf 85' lang='lat' dir='ltr'><strong>M.</strong></span> <span class='ocrx_word' id='word_1_2' title='bbox 462 506 676 554; x_wconf 75' lang='lat' dir='ltr'><strong>TVLLI</strong></span> <span class='ocrx_word' id='word_1_3' title='bbox 742 507 1142 554; x_wconf 84' lang='lat' dir='ltr'><strong>CICERONIS</strong></span> 
     </span>
    </p>
   </div>
   <div class='ocr_carea' id='block_1_2' title="bbox 224 639 1248 787">
    <p class='ocr_par' dir='ltr' id='par_1_2' title="bbox 224 639 1248 787">
     <span class='ocr_line' id='line_1_2' title="bbox 224 639 1248 700; baseline -0.001 -13"><span class='ocrx_word' id='word_1_4' title='bbox 224 639 364 687; x_wconf 85' lang='lat' dir='ltr'><strong>PRO</strong></span> <span class='ocrx_word' id='word_1_5' title='bbox 426 639 490 700; x_wconf 72' lang='lat' dir='ltr'><strong>O.</strong></span> <span class='ocrx_word' id='word_1_6' title='bbox 554 639 820 685; x_wconf 85' lang='lat' dir='ltr'>ROSCIO</span> <span class='ocrx_word' id='word_1_7' title='bbox 884 639 1248 686; x_wconf 82' lang='lat' dir='ltr'>COMOEDO</span> 
     </span>
     <span class='ocr_line' id='line_1_3' title="bbox 597 740 882 787; baseline 0 -1"><span class='ocrx_word' id='word_1_8' title='bbox 597 740 882 787; x_wconf 85' lang='lat' dir='ltr'>ORATIO</span> 
     </span>
    </p>
   </div>
   <div class='ocr_carea' id='block_1_3' title="bbox 13 868 1440 2041">
    <p class='ocr_par' dir='ltr' id='par_1_3' title="bbox 71 868 1440 1126">
     <span class='ocr_line' id='line_1_4' title="bbox 198 868 1440 929; baseline -0.003 -8"><span class='ocrx_word' id='word_1_9' title='bbox 198 911 207 921; x_wconf 84' lang='lat'><strong>.</strong></span> <span class='ocrx_word' id='word_1_10' title='bbox 235 911 243 920; x_wconf 94' lang='lat'><strong>.</strong></span> <span class='ocrx_word' id='word_1_11' title='bbox 271 880 458 919; x_wconf 87' lang='lat' dir='ltr'><strong>malitiam</strong></span> <span class='ocrx_word' id='word_1_12' title='bbox 488 887 649 918; x_wconf 82' lang='lat' dir='ltr'><strong>naturae</strong></span> <span class='ocrx_word' id='word_1_13' title='bbox 677 881 910 919; x_wconf 76' lang='lat' dir='ltr'><strong>crederetur.</strong></span> <span class='ocrx_word' id='word_1_14' title='bbox 975 882 1013 919; x_wconf 87' lang='lat' dir='ltr'><strong>Is</strong></span> <span class='ocrx_word' id='word_1_15' title='bbox 1045 880 1192 919; x_wconf 84' lang='lat' dir='ltr'><strong>scilicet</strong></span> <span class='ocrx_word' id='word_1_16' title='bbox 1222 881 1278 917; x_wconf 88' lang='lat' dir='ltr'><strong>vir</strong></span> <span class='ocrx_word' id='word_1_17' title='bbox 1307 879 1403 929; x_wconf 87' lang='lat' dir='ltr'><strong>opti·</strong></span> <span class='ocrx_word' id='word_1_18' title='bbox 1424 868 1440 894; x_wconf 75' lang='lat'>1</span> 
     </span>
     <span class='ocr_line' id='line_1_5' title="bbox 72 927 1437 996; baseline -0.002 -11"><span class='ocrx_word' id='word_1_19' title='bbox 72 959 161 985; x_wconf 88' lang='lat' dir='ltr'><strong>mus</strong></span> <span class='ocrx_word' id='word_1_20' title='bbox 188 955 227 985; x_wconf 91' lang='lat' dir='ltr'><strong>et</strong></span> <span class='ocrx_word' id='word_1_21' title='bbox 257 945 440 996; x_wconf 84' lang='lat' dir='ltr'><strong>singulari</strong></span> <span class='ocrx_word' id='word_1_22' title='bbox 471 946 549 983; x_wconf 86' lang='lat' dir='ltr'><strong>fide</strong></span> <span class='ocrx_word' id='word_1_23' title='bbox 574 944 773 995; x_wconf 78' lang='lat' dir='ltr'><strong>praeditus</strong></span> <span class='ocrx_word' id='word_1_24' title='bbox 804 945 842 983; x_wconf 92' lang='lat' dir='ltr'><strong>in</strong></span> <span class='ocrx_word' id='word_1_25' title='bbox 874 958 946 983; x_wconf 82' lang='lat' dir='ltr'><strong>suo</strong></span> <span class='ocrx_word' id='word_1_26' title='bbox 977 945 1124 984; x_wconf 85' lang='lat' dir='ltr'><strong>iudicio</strong></span> <span class='ocrx_word' id='word_1_27' title='bbox 1152 944 1230 983; x_wconf 80' lang='lat' dir='ltr'><strong>suis</strong></span> <span class='ocrx_word' id='word_1_28' title='bbox 1261 927 1437 983; x_wconf 82' lang='lat' dir='ltr'><strong>tabulisl</strong></span> 
     </span>
     <span class='ocr_line' id='line_1_6' title="bbox 72 1010 1402 1059; baseline -0.002 -10"><span class='ocrx_word' id='word_1_29' title='bbox 72 1012 236 1050; x_wconf 83' lang='lat' dir='ltr'><strong>testibus</strong></span> <span class='ocrx_word' id='word_1_30' title='bbox 272 1011 327 1049; x_wconf 88' lang='lat' dir='ltr'><strong>uti</strong></span> <span class='ocrx_word' id='word_1_31' title='bbox 362 1018 535 1049; x_wconf 83' lang='lat' dir='ltr'><strong>conatur.</strong></span> <span class='ocrx_word' id='word_1_32' title='bbox 596 1011 731 1048; x_wconf 86' lang='lat' dir='ltr'><strong>Solent</strong></span> <span class='ocrx_word' id='word_1_33' title='bbox 764 1012 842 1049; x_wconf 90' lang='lat' dir='ltr'><strong>fere</strong></span> <span class='ocrx_word' id='word_1_34' title='bbox 877 1010 1007 1048; x_wconf 90' lang='lat' dir='ltr'><strong>dicere</strong></span> <span class='ocrx_word' id='word_1_35' title='bbox 1043 1010 1109 1059; x_wconf 83' lang='lat' dir='ltr'><strong>qui</strong></span> <span class='ocrx_word' id='word_1_36' title='bbox 1144 1024 1212 1059; x_wconf 91' lang='lat' dir='ltr'><strong>per</strong></span> <span class='ocrx_word' id='word_1_37' title='bbox 1250 1011 1402 1048; x_wconf 80' lang='lat' dir='ltr'><strong>tabulas</strong></span> 
     </span>
     <span class='ocr_line' id='line_1_7' title="bbox 71 1075 1402 1126; baseline -0.001 -11"><span class='ocrx_word' id='word_1_38' title='bbox 71 1077 243 1115; x_wconf 88' lang='lat' dir='ltr'><strong>hominis</strong></span> <span class='ocrx_word' id='word_1_39' title='bbox 288 1075 442 1115; x_wconf 88' lang='lat' dir='ltr'><strong>honesti</strong></span> <span class='ocrx_word' id='word_1_40' title='bbox 489 1075 697 1126; x_wconf 84' lang='lat' dir='ltr'><strong>pecuniam</strong></span> <span class='ocrx_word' id='word_1_41' title='bbox 749 1089 960 1126; x_wconf 78' lang='lat' dir='ltr'><strong>expensam</strong></span> <span class='ocrx_word' id='word_1_42' title='bbox 1008 1077 1203 1113; x_wconf 87' lang='lat' dir='ltr'><strong>tulerunt:</strong></span> <span class='ocrx_word' id='word_1_43' title='bbox 1256 1078 1402 1126; x_wconf 81' lang='lat' dir='ltr'><strong>‘egone</strong></span> 
     </span>
    </p>

    <p class='ocr_par' dir='ltr' id='par_1_4' title="bbox 13 1140 1438 2041">
     <span class='ocr_line' id='line_1_8' title="bbox 35 1140 1401 1192; baseline -0.002 -11"><span class='ocrx_word' id='word_1_44' title='bbox 35 1145 188 1186; x_wconf 62' lang='lat' dir='ltr'><strong>stalem</strong></span> <span class='ocrx_word' id='word_1_45' title='bbox 223 1142 346 1181; x_wconf 85' lang='lat' dir='ltr'><strong>virum</strong></span> <span class='ocrx_word' id='word_1_46' title='bbox 387 1155 635 1191; x_wconf 86' lang='lat' dir='ltr'><strong>corrumpere</strong></span> <span class='ocrx_word' id='word_1_47' title='bbox 672 1141 797 1192; x_wconf 71' lang='lat' dir='ltr'><strong>potui,</strong></span> <span class='ocrx_word' id='word_1_48' title='bbox 834 1150 875 1180; x_wconf 86' lang='lat' dir='ltr'><strong>ut</strong></span> <span class='ocrx_word' id='word_1_49' title='bbox 911 1154 997 1179; x_wconf 81' lang='lat' dir='ltr'><strong>mea</strong></span> <span class='ocrx_word' id='word_1_50' title='bbox 1032 1154 1150 1179; x_wconf 78' lang='lat' dir='ltr'><strong>causa</strong></span> <span class='ocrx_word' id='word_1_51' title='bbox 1188 1142 1327 1179; x_wconf 85' lang='lat' dir='ltr'><strong>falsum</strong></span> <span class='ocrx_word' id='word_1_52' title='bbox 1363 1140 1401 1178; x_wconf 93' lang='lat' dir='ltr'><strong>in</strong></span> 
     </span>
     <span class='ocr_line' id='line_1_9' title="bbox 71 1207 1401 1258; baseline -0.002 -12"><span class='ocrx_word' id='word_1_53' title='bbox 71 1207 250 1247; x_wconf 86' lang='lat' dir='ltr'><strong>codicem</strong></span> <span class='ocrx_word' id='word_1_54' title='bbox 294 1209 499 1246; x_wconf 87' lang='lat' dir='ltr'><strong>referret?⁷</strong></span> <span class='ocrx_word' id='word_1_55' title='bbox 574 1208 772 1258; x_wconf 84' lang='lat' dir='ltr'><strong>Exspecto</strong></span> <span class='ocrx_word' id='word_1_56' title='bbox 817 1220 935 1257; x_wconf 82' lang='lat' dir='ltr'><strong>quam</strong></span> <span class='ocrx_word' id='word_1_57' title='bbox 978 1220 1068 1245; x_wconf 83' lang='lat' dir='ltr'><strong>mox</strong></span> <span class='ocrx_word' id='word_1_58' title='bbox 1112 1207 1290 1246; x_wconf 76' lang='lat' dir='ltr'><strong>Chaerea</strong></span> <span class='ocrx_word' id='word_1_59' title='bbox 1328 1207 1401 1244; x_wconf 81' lang='lat' dir='ltr'><strong>hac</strong></span> 
     </span>
     <span class='ocr_line' id='line_1_10' title="bbox 71 1271 1402 1323; baseline -0.002 -12"><span class='ocrx_word' id='word_1_60' title='bbox 71 1273 246 1312; x_wconf 85' lang='lat' dir='ltr'><strong>oratione</strong></span> <span class='ocrx_word' id='word_1_61' title='bbox 272 1281 424 1311; x_wconf 86' lang='lat' dir='ltr'><strong>utatur:</strong></span> <span class='ocrx_word' id='word_1_62' title='bbox 460 1276 607 1323; x_wconf 83' lang='lat' dir='ltr'><strong>‘egone</strong></span> <span class='ocrx_word' id='word_1_63' title='bbox 640 1273 742 1311; x_wconf 84' lang='lat' dir='ltr'><strong>hanc</strong></span> <span class='ocrx_word' id='word_1_64' title='bbox 769 1285 929 1310; x_wconf 81' lang='lat' dir='ltr'><strong>manum</strong></span> <span class='ocrx_word' id='word_1_65' title='bbox 960 1273 1117 1322; x_wconf 83' lang='lat' dir='ltr'><strong>plenam</strong></span> <span class='ocrx_word' id='word_1_66' title='bbox 1148 1271 1334 1322; x_wconf 79' lang='lat' dir='ltr'><strong>perfidiae</strong></span> <span class='ocrx_word' id='word_1_67' title='bbox 1364 1279 1402 1310; x_wconf 87' lang='lat' dir='ltr'><strong>et</strong></span> 
     </span>
     <span class='ocr_line' id='line_1_11' title="bbox 71 1329 1403 1389; baseline -0.002 -12"><span class='ocrx_word' id='word_1_68' title='bbox 71 1339 142 1377; x_wconf 87' lang='lat' dir='ltr'><strong>hos</strong></span> <span class='ocrx_word' id='word_1_69' title='bbox 177 1338 319 1389; x_wconf 81' lang='lat' dir='ltr'><strong>digitos</strong></span> <span class='ocrx_word' id='word_1_70' title='bbox 352 1329 461 1377; x_wconf 85' lang='lat' dir='ltr'><strong>meos</strong></span> <span class='ocrx_word' id='word_1_71' title='bbox 494 1338 694 1389; x_wconf 86' lang='lat' dir='ltr'><strong>impellere</strong></span> <span class='ocrx_word' id='word_1_72' title='bbox 726 1337 836 1389; x_wconf 90' lang='lat' dir='ltr'><strong>potui</strong></span> <span class='ocrx_word' id='word_1_73' title='bbox 869 1345 912 1375; x_wconf 88' lang='lat' dir='ltr'><strong>ut</strong></span> <span class='ocrx_word' id='word_1_74' title='bbox 946 1339 1085 1375; x_wconf 86' lang='lat' dir='ltr'><strong>falsum</strong></span> <span class='ocrx_word' id='word_1_75' title='bbox 1118 1337 1403 1387; x_wconf 81' lang='lat' dir='ltr'><strong>perscriberent</strong></span> 
     </span>
     <span class='ocr_line' id='line_1_12' title="bbox 71 1402 1403 1454; baseline -0.002 -11"><span class='ocrx_word' id='word_1_76' title='bbox 71 1405 268 1443; x_wconf 86' lang='lat' dir='ltr'><strong>nomen?&#39;</strong></span> <span class='ocrx_word' id='word_1_77' title='bbox 326 1405 447 1453; x_wconf 85' lang='lat' dir='ltr'><strong>Quod</strong></span> <span class='ocrx_word' id='word_1_78' title='bbox 477 1403 508 1442; x_wconf 89' lang='lat' dir='ltr'><strong>si</strong></span> <span class='ocrx_word' id='word_1_79' title='bbox 530 1403 594 1442; x_wconf 90' lang='lat' dir='ltr'><strong>ille</strong></span> <span class='ocrx_word' id='word_1_80' title='bbox 624 1417 712 1442; x_wconf 82' lang='lat' dir='ltr'><strong>suas</strong></span> <span class='ocrx_word' id='word_1_81' title='bbox 741 1404 910 1454; x_wconf 87' lang='lat' dir='ltr'><strong>proferet</strong></span> <span class='ocrx_word' id='word_1_82' title='bbox 931 1402 1094 1449; x_wconf 86' lang='lat' dir='ltr'><strong>tabulas,</strong></span> <span class='ocrx_word' id='word_1_83' title='bbox 1118 1403 1287 1452; x_wconf 88' lang='lat' dir='ltr'><strong>proferet</strong></span> <span class='ocrx_word' id='word_1_84' title='bbox 1314 1416 1403 1441; x_wconf 87' lang='lat' dir='ltr'><strong>suas</strong></span> 
     </span>
     <span class='ocr_line' id='line_1_13' title="bbox 15 1467 1403 1520; baseline -0.001 -14"><span class='ocrx_word' id='word_1_85' title='bbox 15 1484 52 1506; x_wconf 84' lang='lat'><strong>10</strong></span> <span class='ocrx_word' id='word_1_86' title='bbox 71 1483 231 1520; x_wconf 89' lang='lat' dir='ltr'><strong>quoque</strong></span> <span class='ocrx_word' id='word_1_87' title='bbox 266 1470 445 1510; x_wconf 85' lang='lat' dir='ltr'><strong>Roscius.</strong></span> <span class='ocrx_word' id='word_1_88' title='bbox 505 1469 588 1508; x_wconf 89' lang='lat' dir='ltr'><strong>Erit</strong></span> <span class='ocrx_word' id='word_1_89' title='bbox 622 1469 661 1507; x_wconf 91' lang='lat' dir='ltr'><strong>in</strong></span> <span class='ocrx_word' id='word_1_90' title='bbox 694 1469 795 1508; x_wconf 90' lang='lat' dir='ltr'><strong>illius</strong></span> <span class='ocrx_word' id='word_1_91' title='bbox 829 1467 971 1507; x_wconf 84' lang='lat' dir='ltr'><strong>tabulis</strong></span> <span class='ocrx_word' id='word_1_92' title='bbox 999 1469 1075 1506; x_wconf 92' lang='lat' dir='ltr'><strong>hoc</strong></span> <span class='ocrx_word' id='word_1_93' title='bbox 1105 1481 1262 1515; x_wconf 89' lang='lat' dir='ltr'><strong>nomen,</strong></span> <span class='ocrx_word' id='word_1_94' title='bbox 1293 1476 1333 1506; x_wconf 82' lang='lat' dir='ltr'><strong>at</strong></span> <span class='ocrx_word' id='word_1_95' title='bbox 1363 1469 1403 1506; x_wconf 72' lang='lat' dir='ltr'><strong>in</strong></span> 
     </span>
     <span class='ocr_line' id='line_1_14' title="bbox 71 1533 1438 1586; baseline -0.004 -12"><span class='ocrx_word' id='word_1_96' title='bbox 71 1535 186 1574; x_wconf 89' lang='lat' dir='ltr'><strong>huius</strong></span> <span class='ocrx_word' id='word_1_97' title='bbox 213 1549 293 1574; x_wconf 88' lang='lat' dir='ltr'><strong>non</strong></span> <span class='ocrx_word' id='word_1_98' title='bbox 321 1536 401 1575; x_wconf 85' lang='lat' dir='ltr'><strong>erit.</strong></span> <span class='ocrx_word' id='word_1_99' title='bbox 461 1537 541 1575; x_wconf 90' lang='lat' dir='ltr'><strong>Cur</strong></span> <span class='ocrx_word' id='word_1_100' title='bbox 567 1535 696 1586; x_wconf 85' lang='lat' dir='ltr'><strong>potius</strong></span> <span class='ocrx_word' id='word_1_101' title='bbox 725 1533 825 1572; x_wconf 89' lang='lat' dir='ltr'><strong>illius</strong></span> <span class='ocrx_word' id='word_1_102' title='bbox 848 1547 966 1584; x_wconf 79' lang='lat' dir='ltr'><strong>quam</strong></span> <span class='ocrx_word' id='word_1_103' title='bbox 992 1533 1107 1571; x_wconf 87' lang='lat' dir='ltr'><strong>huius</strong></span> <span class='ocrx_word' id='word_1_104' title='bbox 1130 1534 1401 1572; x_wconf 78' lang='lat' dir='ltr'><strong>credeturP—</strong></span> <span class='ocrx_word' id='word_1_105' title='bbox 1425 1549 1438 1568; x_wconf 63' lang='grc' dir='ltr'><strong>,ν</strong></span> 
     </span>
     <span class='ocr_line' id='line_1_15' title="bbox 70 1598 1404 1652; baseline -0.002 -12"><span class='ocrx_word' id='word_1_106' title='bbox 70 1600 295 1652; x_wconf 87' lang='lat' dir='ltr'><strong>Scripsisset</strong></span> <span class='ocrx_word' id='word_1_107' title='bbox 338 1601 415 1649; x_wconf 73' lang='lat' dir='ltr'><strong>ille,</strong></span> <span class='ocrx_word' id='word_1_108' title='bbox 460 1601 490 1639; x_wconf 90' lang='lat' dir='ltr'><strong>si</strong></span> <span class='ocrx_word' id='word_1_109' title='bbox 533 1615 614 1640; x_wconf 86' lang='lat' dir='ltr'><strong>non</strong></span> <span class='ocrx_word' id='word_1_110' title='bbox 657 1600 764 1638; x_wconf 89' lang='lat' dir='ltr'><strong>iussu</strong></span> <span class='ocrx_word' id='word_1_111' title='bbox 806 1599 921 1638; x_wconf 89' lang='lat' dir='ltr'><strong>huius</strong></span> <span class='ocrx_word' id='word_1_112' title='bbox 966 1612 1181 1649; x_wconf 83' lang='lat' dir='ltr'><strong>expensum</strong></span> <span class='ocrx_word' id='word_1_113' title='bbox 1225 1598 1404 1637; x_wconf 83' lang='lat' dir='ltr'><strong>tulisset?</strong></span> 
     </span>
     <span class='ocr_line' id='line_1_16' title="bbox 70 1663 1402 1717; baseline -0.002 -12"><span class='ocrx_word' id='word_1_114' title='bbox 70 1667 231 1706; x_wconf 91' lang='lat' dir='ltr'><strong>—Non</strong></span> <span class='ocrx_word' id='word_1_115' title='bbox 258 1666 473 1717; x_wconf 85' lang='lat' dir='ltr'><strong>scripsisset</strong></span> <span class='ocrx_word' id='word_1_116' title='bbox 502 1666 564 1704; x_wconf 90' lang='lat' dir='ltr'><strong>hic</strong></span> <span class='ocrx_word' id='word_1_117' title='bbox 591 1667 699 1716; x_wconf 88' lang='lat' dir='ltr'><strong>quod</strong></span> <span class='ocrx_word' id='word_1_118' title='bbox 728 1664 801 1704; x_wconf 90' lang='lat' dir='ltr'><strong>sibi</strong></span> <span class='ocrx_word' id='word_1_119' title='bbox 830 1678 1046 1715; x_wconf 79' lang='lat' dir='ltr'><strong>expensum</strong></span> <span class='ocrx_word' id='word_1_120' title='bbox 1077 1665 1173 1702; x_wconf 86' lang='lat' dir='ltr'><strong>serre</strong></span> <span class='ocrx_word' id='word_1_121' title='bbox 1201 1663 1402 1702; x_wconf 87' lang='lat' dir='ltr'><strong>iussisset?</strong></span> 
     </span>
     <span class='ocr_line' id='line_1_17' title="bbox 71 1729 1400 1782; baseline -0.002 -12"><span class='ocrx_word' id='word_1_122' title='bbox 71 1732 174 1770; x_wconf 84' lang='lat' dir='ltr'><strong>Nam</strong></span> <span class='ocrx_word' id='word_1_123' title='bbox 222 1745 340 1782; x_wconf 89' lang='lat' dir='ltr'><strong>quem</strong></span> <span class='ocrx_word' id='word_1_124' title='bbox 381 1733 431 1770; x_wconf 86' lang='lat' dir='ltr'><strong>ad</strong></span> <span class='ocrx_word' id='word_1_125' title='bbox 479 1732 643 1770; x_wconf 90' lang='lat' dir='ltr'><strong>modum</strong></span> <span class='ocrx_word' id='word_1_126' title='bbox 695 1739 806 1780; x_wconf 84' lang='lat' dir='ltr'><strong>turpe</strong></span> <span class='ocrx_word' id='word_1_127' title='bbox 847 1737 905 1768; x_wconf 89' lang='lat' dir='ltr'><strong>est</strong></span> <span class='ocrx_word' id='word_1_128' title='bbox 954 1729 1122 1768; x_wconf 86' lang='lat' dir='ltr'><strong>scribere</strong></span> <span class='ocrx_word' id='word_1_129' title='bbox 1170 1730 1278 1779; x_wconf 82' lang='lat' dir='ltr'><strong>quod</strong></span> <span class='ocrx_word' id='word_1_130' title='bbox 1321 1742 1400 1768; x_wconf 89' lang='lat' dir='ltr'><strong>non</strong></span> 
     </span>
     <span class='ocr_line' id='line_1_18' title="bbox 13 1794 1399 1847; baseline -0.003 -11"><span class='ocrx_word' id='word_1_131' title='bbox 13 1809 48 1841; x_wconf 86' lang='lat'><strong>15</strong></span> <span class='ocrx_word' id='word_1_132' title='bbox 69 1798 268 1845; x_wconf 89' lang='lat' dir='ltr'><strong>debeatur,</strong></span> <span class='ocrx_word' id='word_1_133' title='bbox 311 1797 366 1836; x_wconf 90' lang='lat' dir='ltr'><strong>sic</strong></span> <span class='ocrx_word' id='word_1_134' title='bbox 412 1797 636 1847; x_wconf 90' lang='lat' dir='ltr'><strong>improbum</strong></span> <span class='ocrx_word' id='word_1_135' title='bbox 683 1804 741 1835; x_wconf 87' lang='lat' dir='ltr'><strong>est</strong></span> <span class='ocrx_word' id='word_1_136' title='bbox 781 1809 861 1834; x_wconf 90' lang='lat' dir='ltr'><strong>non</strong></span> <span class='ocrx_word' id='word_1_137' title='bbox 906 1796 1045 1834; x_wconf 86' lang='lat' dir='ltr'><strong>referre</strong></span> <span class='ocrx_word' id='word_1_138' title='bbox 1089 1795 1198 1844; x_wconf 84' lang='lat' dir='ltr'><strong>quod</strong></span> <span class='ocrx_word' id='word_1_139' title='bbox 1241 1794 1399 1833; x_wconf 85' lang='lat' dir='ltr'><strong>debeas.</strong></span> 
     </span>
     <span class='ocr_line' id='line_1_19' title="bbox 68 1859 1400 1914; baseline -0.005 -12"><span class='ocrx_word' id='word_1_140' title='bbox 68 1865 209 1914; x_wconf 85' lang='lat' dir='ltr'><strong>Aeque</strong></span> <span class='ocrx_word' id='word_1_141' title='bbox 243 1862 348 1902; x_wconf 87' lang='lat' dir='ltr'><strong>enim</strong></span> <span class='ocrx_word' id='word_1_142' title='bbox 383 1863 538 1901; x_wconf 84' lang='lat' dir='ltr'><strong>tabulae</strong></span> <span class='ocrx_word' id='word_1_143' title='bbox 577 1862 892 1900; x_wconf 81' lang='lat' dir='ltr'><strong>condemnantur</strong></span> <span class='ocrx_word' id='word_1_144' title='bbox 928 1859 1011 1899; x_wconf 83' lang='lat' dir='ltr'><strong>eius</strong></span> <span class='ocrx_word' id='word_1_145' title='bbox 1046 1859 1112 1909; x_wconf 83' lang='lat' dir='ltr'><strong>qui</strong></span> <span class='ocrx_word' id='word_1_146' title='bbox 1147 1872 1281 1898; x_wconf 80' lang='lat' dir='ltr'><strong>verum</strong></span> <span class='ocrx_word' id='word_1_147' title='bbox 1320 1872 1400 1897; x_wconf 92' lang='lat' dir='ltr'><strong>non</strong></span> 
     </span>
     <span class='ocr_line' id='line_1_20' title="bbox 69 1924 1401 1978; baseline -0.004 -11"><span class='ocrx_word' id='word_1_148' title='bbox 69 1928 215 1967; x_wconf 88' lang='lat' dir='ltr'><strong>rettulit</strong></span> <span class='ocrx_word' id='word_1_149' title='bbox 244 1936 282 1967; x_wconf 91' lang='lat' dir='ltr'><strong>et</strong></span> <span class='ocrx_word' id='word_1_150' title='bbox 311 1927 394 1967; x_wconf 89' lang='lat' dir='ltr'><strong>eius</strong></span> <span class='ocrx_word' id='word_1_151' title='bbox 424 1927 491 1978; x_wconf 86' lang='lat' dir='ltr'><strong>qui</strong></span> <span class='ocrx_word' id='word_1_152' title='bbox 523 1928 662 1966; x_wconf 86' lang='lat' dir='ltr'><strong>falsum</strong></span> <span class='ocrx_word' id='word_1_153' title='bbox 696 1925 929 1977; x_wconf 85' lang='lat' dir='ltr'><strong>perscripsit.</strong></span> <span class='ocrx_word' id='word_1_154' title='bbox 990 1925 1068 1964; x_wconf 88' lang='lat' dir='ltr'><strong>Sed</strong></span> <span class='ocrx_word' id='word_1_155' title='bbox 1100 1938 1172 1974; x_wconf 84' lang='lat' dir='ltr'><strong>ego</strong></span> <span class='ocrx_word' id='word_1_156' title='bbox 1212 1924 1325 1975; x_wconf 89' lang='lat' dir='ltr'><strong>copia</strong></span> <span class='ocrx_word' id='word_1_157' title='bbox 1364 1932 1401 1963; x_wconf 89' lang='lat' dir='ltr'><strong>et</strong></span> 
     </span>
     <span class='ocr_line' id='line_1_21' title="bbox 71 1989 1400 2041; baseline -0.002 -10"><span class='ocrx_word' id='word_1_158' title='bbox 71 1995 252 2033; x_wconf 77' lang='lat' dir='ltr'><strong>facultate</strong></span> <span class='ocrx_word' id='word_1_159' title='bbox 280 2006 420 2032; x_wconf 83' lang='lat' dir='ltr'><strong>causae</strong></span> <span class='ocrx_word' id='word_1_160' title='bbox 448 1993 620 2031; x_wconf 88' lang='lat' dir='ltr'><strong>confisus</strong></span> <span class='ocrx_word' id='word_1_161' title='bbox 650 1991 740 2030; x_wconf 91' lang='lat' dir='ltr'><strong>vide</strong></span> <span class='ocrx_word' id='word_1_162' title='bbox 769 2004 848 2041; x_wconf 84' lang='lat' dir='ltr'><strong>quo</strong></span> <span class='ocrx_word' id='word_1_163' title='bbox 873 1989 1107 2041; x_wconf 87' lang='lat' dir='ltr'><strong>progrediar.</strong></span> <span class='ocrx_word' id='word_1_164' title='bbox 1179 1989 1218 2027; x_wconf 85' lang='lat' dir='ltr'><strong>Si</strong></span> <span class='ocrx_word' id='word_1_165' title='bbox 1248 1989 1400 2028; x_wconf 84' lang='lat' dir='ltr'><strong>tabulas</strong></span> 
     </span>
    </p>
   </div>
   <div class='ocr_carea' id='block_1_4' title="bbox 71 2093 1401 2400">
    <p class='ocr_par' dir='ltr' id='par_1_5' title="bbox 71 2093 1401 2400">
     <span class='ocr_line' id='line_1_22' title="bbox 117 2093 1400 2139; baseline -0.005 -10"><span class='ocrx_word' id='word_1_166' title='bbox 117 2109 128 2129; x_wconf 94' lang='lat'>1</span> <span class='ocrx_word' id='word_1_167' title='bbox 157 2099 201 2139; x_wconf 88' lang='lat' dir='ltr'><strong>is]</strong></span> <span class='ocrx_word' id='word_1_168' title='bbox 221 2099 283 2130; x_wconf 87' lang='lat' dir='ltr'><strong>iste</strong></span> <span class='ocrx_word' id='word_1_169' title='bbox 303 2098 469 2130; x_wconf 70' lang='lat' dir='ltr'><strong>Garatoni</strong></span> <span class='ocrx_word' id='word_1_170' title='bbox 597 2107 616 2136; x_wconf 88' lang='lat'><strong>3</strong></span> <span class='ocrx_word' id='word_1_171' title='bbox 642 2097 786 2128; x_wconf 87' lang='lat' dir='ltr'><strong>testibus</strong></span> <span class='ocrx_word' id='word_1_172' title='bbox 805 2107 870 2128; x_wconf 82' lang='lat' dir='ltr'><strong>om.</strong></span> <span class='ocrx_word' id='word_1_173' title='bbox 891 2098 915 2136; x_wconf 84' lang='grc' dir='ltr'><em>ψ</em></span> <span class='ocrx_word' id='word_1_174' title='bbox 1001 2095 1074 2135; x_wconf 80' lang='lat' dir='ltr'><strong>qui]</strong></span> <span class='ocrx_word' id='word_1_175' title='bbox 1091 2093 1152 2133; x_wconf 87' lang='lat' dir='ltr'><strong>ipsi</strong></span> <span class='ocrx_word' id='word_1_176' title='bbox 1172 2096 1208 2131; x_wconf 88' lang='grc' dir='ltr'><strong>Ω,</strong></span> <span class='ocrx_word' id='word_1_177' title='bbox 1222 2093 1297 2132; x_wconf 77' lang='lat' dir='ltr'><strong>fort.</strong></span> <span class='ocrx_word' id='word_1_178' title='bbox 1313 2094 1330 2123; x_wconf 91' lang='lat' dir='ltr'><strong>ii</strong></span> <span class='ocrx_word' id='word_1_179' title='bbox 1346 2094 1400 2133; x_wconf 83' lang='lat' dir='ltr'><strong>qui</strong></span> 
     </span>
     <span class='ocr_line' id='line_1_23' title="bbox 71 2136 1398 2182; baseline -0.004 -9"><span class='ocrx_word' id='word_1_180' title='bbox 71 2154 88 2181; x_wconf 80' lang='lat'><strong>4</strong></span> <span class='ocrx_word' id='word_1_181' title='bbox 115 2143 269 2173; x_wconf 85' lang='lat' dir='ltr'><strong>homines</strong></span> <span class='ocrx_word' id='word_1_182' title='bbox 289 2139 388 2182; x_wconf 59' lang='lat' dir='ltr'><strong>(hfffis</strong></span> <span class='ocrx_word' id='word_1_183' title='bbox 406 2145 442 2181; x_wconf 84' lang='grc' dir='ltr'><strong>Ω,</strong></span> <span class='ocrx_word' id='word_1_184' title='bbox 463 2141 522 2172; x_wconf 74' lang='lat' dir='ltr'><em>litt.</em></span> <span class='ocrx_word' id='word_1_185' title='bbox 541 2140 615 2172; x_wconf 65' lang='lat' dir='ltr'><strong>.&amp;÷s</strong></span> <span class='ocrx_word' id='word_1_186' title='bbox 635 2151 701 2181; x_wconf 84' lang='lat' dir='ltr'><strong>mg.</strong></span> <span class='ocrx_word' id='word_1_187' title='bbox 715 2141 902 2180; x_wconf 69' lang='lat' dir='ltr'><strong>incurrunt)</strong></span> <span class='ocrx_word' id='word_1_188' title='bbox 919 2151 924 2170; x_wconf 82' lang='lat' dir='ltr'><em>z</em></span> <span class='ocrx_word' id='word_1_189' title='bbox 955 2149 1034 2169; x_wconf 80' lang='lat' dir='ltr'><strong>corr.</strong></span> <span class='ocrx_word' id='word_1_190' title='bbox 1049 2136 1186 2177; x_wconf 82' lang='lat' dir='ltr'><strong>Sylvius</strong></span> <span class='ocrx_word' id='word_1_191' title='bbox 1265 2137 1398 2168; x_wconf 86' lang='lat' dir='ltr'><strong>honesti</strong></span> 
     </span>
     <span class='ocr_line' id='line_1_24' title="bbox 71 2179 1401 2225; baseline -0.005 -10"><span class='ocrx_word' id='word_1_192' title='bbox 71 2184 266 2217; x_wconf 63' lang='lat' dir='ltr'><strong>Alanutiust</strong></span> <span class='ocrx_word' id='word_1_193' title='bbox 300 2186 357 2216; x_wconf 87' lang='lat' dir='ltr'><strong>citi</strong></span> <span class='ocrx_word' id='word_1_194' title='bbox 386 2186 397 2224; x_wconf 82' lang='lat'>(</span> <span class='ocrx_word' id='word_1_195' title='bbox 403 2188 478 2225; x_wconf 81' lang='lat' dir='ltr'><strong>post</strong></span> <span class='ocrx_word' id='word_1_196' title='bbox 497 2195 516 2224; x_wconf 86' lang='lat'>5</span> <span class='ocrx_word' id='word_1_197' title='bbox 539 2184 594 2215; x_wconf 76' lang='lat' dir='ltr'><strong>litt.</strong></span> <span class='ocrx_word' id='word_1_198' title='bbox 623 2195 688 2215; x_wconf 73' lang='lat' dir='ltr'><strong>ras.</strong></span> <span class='ocrx_word' id='word_1_199' title='bbox 716 2188 752 2223; x_wconf 83' lang='grc' dir='ltr'><strong>Ω,</strong></span> <span class='ocrx_word' id='word_1_200' title='bbox 772 2188 850 2224; x_wconf 83' lang='lat' dir='ltr'><strong>post</strong></span> <span class='ocrx_word' id='word_1_201' title='bbox 870 2185 927 2214; x_wconf 83' lang='lat' dir='ltr'><strong>lac.</strong></span> <span class='ocrx_word' id='word_1_202' title='bbox 944 2182 1103 2223; x_wconf 68' lang='lat' dir='ltr'><strong>plerique)</strong></span> <span class='ocrx_word' id='word_1_203' title='bbox 1127 2179 1215 2211; x_wconf 85' lang='lat' dir='ltr'><strong>codd.</strong></span> <span class='ocrx_word' id='word_1_204' title='bbox 1380 2182 1401 2211; x_wconf 89' lang='lat'><strong>6</strong></span> 
     </span>
     <span class='ocr_line' id='line_1_25' title="bbox 72 2225 1400 2268; baseline -0.005 -8"><span class='ocrx_word' id='word_1_205' title='bbox 72 2229 194 2260; x_wconf 85' lang='lat' dir='ltr'><strong>reseret</strong></span> <span class='ocrx_word' id='word_1_206' title='bbox 211 2232 237 2260; x_wconf 84' lang='grc' dir='ltr'><strong>Ω</strong></span> <span class='ocrx_word' id='word_1_207' title='bbox 397 2230 417 2259; x_wconf 91' lang='grc'><strong>8</strong></span> <span class='ocrx_word' id='word_1_208' title='bbox 442 2228 689 2268; x_wconf 86' lang='lat' dir='ltr'><strong>perscriberem</strong></span> <span class='ocrx_word' id='word_1_209' title='bbox 709 2227 796 2259; x_wconf 82' lang='lat' dir='ltr'><strong>codd.</strong></span> <span class='ocrx_word' id='word_1_210' title='bbox 817 2239 823 2257; x_wconf 88' lang='lat'>:</span> <span class='ocrx_word' id='word_1_211' title='bbox 849 2237 926 2258; x_wconf 73' lang='lat' dir='ltr'><strong>corr.</strong></span> <span class='ocrx_word' id='word_1_212' title='bbox 947 2225 1125 2256; x_wconf 78' lang='lat' dir='ltr'><strong>Manutius</strong></span> <span class='ocrx_word' id='word_1_213' title='bbox 1279 2234 1300 2263; x_wconf 88' lang='lat'>9</span> <span class='ocrx_word' id='word_1_214' title='bbox 1323 2234 1400 2264; x_wconf 91' lang='lat' dir='ltr'><strong>pro-</strong></span> 
     </span>
     <span class='ocr_line' id='line_1_26' title="bbox 72 2267 1400 2314; baseline -0.005 -12"><span class='ocrx_word' id='word_1_215' title='bbox 72 2273 171 2313; x_wconf 82' lang='lat' dir='ltr'><strong>feret]</strong></span> <span class='ocrx_word' id='word_1_216' title='bbox 197 2273 360 2314; x_wconf 68' lang='lat' dir='ltr'><strong>proferret</strong></span> <span class='ocrx_word' id='word_1_217' title='bbox 385 2272 465 2303; x_wconf 74' lang='lat' dir='ltr'><strong>obt:</strong></span> <span class='ocrx_word' id='word_1_218' title='bbox 495 2271 621 2311; x_wconf 85' lang='lat' dir='ltr'><strong>profert</strong></span> <span class='ocrx_word' id='word_1_219' title='bbox 638 2274 660 2312; x_wconf 77' lang='grc' dir='ltr'>ψ</span> <span class='ocrx_word' id='word_1_220' title='bbox 775 2270 939 2311; x_wconf 69' lang='lat' dir='ltr'><strong>proferet]</strong></span> <span class='ocrx_word' id='word_1_221' title='bbox 964 2269 1133 2309; x_wconf 81' lang='lat' dir='ltr'><strong>proserrat</strong></span> <span class='ocrx_word' id='word_1_222' title='bbox 1154 2270 1202 2297; x_wconf 75' lang='lat' dir='ltr'><strong>ss:</strong></span> <span class='ocrx_word' id='word_1_223' title='bbox 1228 2267 1354 2306; x_wconf 83' lang='lat' dir='ltr'><strong>profert</strong></span> <span class='ocrx_word' id='word_1_224' title='bbox 1377 2270 1400 2308; x_wconf 75' lang='grc' dir='ltr'>ψ</span> 
     </span>
     <span class='ocr_line' id='line_1_27' title="bbox 74 2310 1398 2358; baseline -0.004 -11"><span class='ocrx_word' id='word_1_225' title='bbox 74 2326 113 2347; x_wconf 91' lang='lat'><strong>10</strong></span> <span class='ocrx_word' id='word_1_226' title='bbox 138 2317 168 2347; x_wconf 87' lang='lat' dir='ltr'><strong>in</strong></span> <span class='ocrx_word' id='word_1_227' title='bbox 198 2317 304 2358; x_wconf 66' lang='lat' dir='ltr'><strong>suppl.</strong></span> <span class='ocrx_word' id='word_1_228' title='bbox 326 2315 462 2356; x_wconf 70' lang='lat' dir='ltr'><strong>Sylvius</strong></span> <span class='ocrx_word' id='word_1_229' title='bbox 607 2325 640 2345; x_wconf 95' lang='lat'><strong>11</strong></span> <span class='ocrx_word' id='word_1_230' title='bbox 670 2315 867 2345; x_wconf 80' lang='lat' dir='ltr'><strong>crederetur</strong></span> <span class='ocrx_word' id='word_1_231' title='bbox 892 2313 1070 2352; x_wconf 85' lang='lat' dir='ltr'><strong>scripsisse</strong></span> <span class='ocrx_word' id='word_1_232' title='bbox 1099 2311 1155 2342; x_wconf 88' lang='lat' dir='ltr'><strong>ille</strong></span> <span class='ocrx_word' id='word_1_233' title='bbox 1185 2310 1296 2342; x_wconf 80' lang='lat' dir='ltr'><strong>codd.:</strong></span> <span class='ocrx_word' id='word_1_234' title='bbox 1320 2321 1398 2342; x_wconf 78' lang='lat' dir='ltr'><strong>corr.</strong></span> 
     </span>
     <span class='ocr_line' id='line_1_28' title="bbox 71 2356 1110 2400; baseline -0.004 -10"><span class='ocrx_word' id='word_1_235' title='bbox 71 2360 250 2391; x_wconf 75' lang='lat' dir='ltr'><strong>Manutius</strong></span> <span class='ocrx_word' id='word_1_236' title='bbox 385 2370 423 2399; x_wconf 87' lang='lat'><strong>13</strong></span> <span class='ocrx_word' id='word_1_237' title='bbox 439 2359 517 2390; x_wconf 81' lang='lat' dir='ltr'><strong>ferri</strong></span> <span class='ocrx_word' id='word_1_238' title='bbox 535 2358 726 2400; x_wconf 69' lang='lat' dir='ltr'><strong>Naugerius</strong></span> <span class='ocrx_word' id='word_1_239' title='bbox 743 2358 792 2399; x_wconf 80' lang='lat'><strong>(2)</strong></span> <span class='ocrx_word' id='word_1_240' title='bbox 810 2369 816 2388; x_wconf 94' lang='lat'>:</span> <span class='ocrx_word' id='word_1_241' title='bbox 845 2357 881 2397; x_wconf 89' lang='lat' dir='ltr'><strong>cf.</strong></span> <span class='ocrx_word' id='word_1_242' title='bbox 902 2356 995 2387; x_wconf 80' lang='lat' dir='ltr'><em>Rull.</em></span> <span class='ocrx_word' id='word_1_243' title='bbox 1016 2356 1050 2387; x_wconf 87' lang='lat' dir='ltr'><strong>ii.</strong></span> <span class='ocrx_word' id='word_1_244' title='bbox 1068 2357 1110 2386; x_wconf 82' lang='lat'><strong>28</strong></span> 
     </span>
    </p>
   </div>
  </div>
 </body>
</html>
