1716 2662
472 64 581 103 PRO
613 65 654 103 L.
688 65 906 105 FLACCO
937 66 1153 105 ORATIO
1422 78 1473 116 24

147 175 293 215 civitas.
353 177 484 216 Credo
502 192 510 224 3
538 179 717 216 avolsum
737 185 795 216 est
817 177 922 216 enim
953 186 1104 229 praeter
1132 192 1243 230 spem
1265 182 1373 230 quod
1395 188 1474 219 erat

147 255 217 293 spe
250 243 480 281 devoratum
516 245 679 282 lucrum.
739 246 791 282 At
826 243 1009 294 queritur.
1072 245 1330 295 Impudenter
1359 246 1475 293 facit3

146 321 227 345 non
248 307 354 346 enim
375 308 508 347 omnia
529 321 630 359 quae
649 310 841 356 dolemus,
858 311 998 348 eadem
1019 310 1128 360 queri
1150 310 1230 349 iure
1252 324 1472 361 possumus.

147 374 199 411 At
230 381 387 412 accusat
421 374 549 412 verbis
583 373 829 424 gravissimis.
889 376 983 413 Non
1018 375 1162 422 civitas,
1201 377 1271 415 sed
1307 376 1474 427 imperiti

109 451 126 484 5
146 438 326 477 homines
361 453 383 478 a
421 440 654 478 Maeandrio
693 439 889 478 concitati.
962 441 1054 488 Quo
1086 442 1175 479 loco
1207 441 1324 480 etiam
1355 450 1474 492 atque

146 504 264 542 etiam
285 504 400 543 facite
430 512 472 543 ut
499 504 760 543 recordemini
781 518 882 555 quae
903 504 951 543 sit
972 506 1168 544 temeritas
1199 506 1470 553 multitudinis,

146 583 248 620 quae
286 570 422 608 levitas
460 570 617 620 propria
656 571 912 617 Graecorum,
945 570 1042 620 quid
1076 570 1114 608 in
1151 570 1337 610 contione
1376 570 1474 609 sedi-

145 635 245 673 tiosa
265 637 390 674 valeat
410 635 544 674 oratio.
596 635 686 682 Hic,
706 635 746 672 in
767 636 839 673 hac
859 635 1085 684 gravissima
1105 642 1143 674 et
1164 635 1474 674 moderatissima

145 700 312 748 civitate,
335 714 427 739 cum
455 708 513 739 est
542 702 670 739 forum
701 702 862 751 plenum
890 700 1137 748 iudiciorum,
1167 702 1328 750 plenum
1358 700 1475 750 magi-

89 781 127 805 ιο
146 774 346 813 stratuum,
366 768 526 816 plenum
548 766 788 817 optimorum
805 765 974 804 virorum
996 773 1033 804 et
1054 765 1210 813 civium,
1229 780 1318 804 cum
1340 779 1474 816 specu-

145 833 245 870 latur
272 839 391 881 atque
420 831 576 870 obsidet
602 838 724 870 rostra
746 831 889 870 vindex
911 831 1139 870 temeritatis
1170 839 1207 870 et
1239 833 1474 870 moderatrix

144 896 247 935 offici
278 896 396 944 curia,
424 904 557 935 tamen
584 904 754 947 quantos
789 898 930 935 fluctus
966 896 1123 935 excitari
1158 897 1389 936 contionum
1423 897 1474 935 vi-

143 962 268 1001 detis!
340 962 449 1012 Quid
487 975 556 1001 vos
595 962 677 1001 fieri
716 962 884 1000 censetis
923 962 1149 1001 Trallibus?
1196 976 1247 1000 an
1286 962 1326 1001 id
1364 964 1473 1013 quod

144 1027 355 1078 Pergami?
412 1027 496 1066 Nisi
532 1028 630 1066 forte
662 1029 736 1066 hae
767 1027 942 1066 civitates
972 1027 1182 1066 existimari
1218 1030 1353 1067 volunt
1385 1028 1475 1068 faci-

90 1106 125 1139 15
144 1093 218 1132 lius
242 1106 321 1131 una
345 1106 386 1131 se
413 1092 580 1143 epistula
610 1092 851 1131 Mithridatis
873 1093 1019 1131 moveri
1048 1093 1275 1143 impellique
1297 1093 1473 1144 potuisse

144 1168 186 1198 ut
205 1157 417 1198 amicitiam
446 1158 580 1209 populi
613 1158 794 1204 Romani,
819 1159 938 1196 fidem
967 1171 1090 1206 suam,
1113 1158 1195 1196 iura
1215 1158 1349 1197 onmia
1369 1159 1472 1197 offici

143 1223 477 1273 humanitatisque
498 1223 697 1271 violarent,
721 1236 839 1273 quam
865 1230 907 1261 ut
936 1223 1059 1261 filium
1089 1223 1317 1262 testimonio
1347 1225 1472 1263 laede—

143 1298 227 1329 rent
257 1290 369 1329 cuius
399 1297 549 1340 patrem
581 1288 698 1327 armis
730 1290 958 1339 pellendum
986 1302 1008 1326 a
1039 1288 1117 1326 suis
1146 1289 1354 1328 moenibus
1384 1303 1472 1328 cen-

142 1355 320 1394 suissent.
371 1356 462 1404 Qua
482 1368 521 1393 re
543 1354 663 1393 nolite
680 1354 775 1391 mihi
792 1354 865 1392 ista
886 1353 1046 1391 nomina
1060 1353 1260 1392 civitatum
1278 1355 1470 1393 nobilium
1496 1372 1506 1378 ·

84 1435 126 1458 20
143 1434 370 1471 opponere3
398 1433 497 1469 quos
519 1419 624 1458 enim
650 1419 773 1457 hostis
804 1420 900 1458 haec
922 1418 1068 1457 familia
1090 1420 1337 1469 contempsit,
1362 1434 1472 1458 num-

143 1500 261 1536 quam
301 1486 463 1524 eosdem
503 1485 610 1523 testis
646 1484 905 1535 pertimescet.
965 1484 1090 1522 Vobis
1122 1492 1253 1523 autem
1289 1494 1346 1523 est
1381 1500 1470 1524 con-

143 1552 346 1597 fitendum,
376 1550 407 1587 si
437 1549 609 1588 consiliis
637 1549 858 1600 principum
889 1556 1039 1588 vestrae
1069 1548 1243 1588 civitates
1274 1558 1471 1600 reguntur,

143 1630 223 1654 non
245 1615 506 1654 multitudinis
528 1614 755 1661 temeritate,
774 1615 843 1653 sed
866 1614 1115 1664 optimatium
1137 1614 1302 1653 consilio
1323 1616 1470 1654 bellum

141 1682 192 1720 ab
225 1681 306 1719 istis
334 1680 557 1719 civitatibus
587 1693 677 1718 cum
708 1681 856 1730 populo
888 1681 1072 1718 Romano
1103 1693 1188 1718 esse
1217 1687 1472 1729 susceptum;

86 1763 123 1794 ²5
143 1747 202 1785 sin
242 1747 305 1785 ille
335 1754 418 1784 tum
449 1753 579 1784 motus
614 1753 671 1784 est
707 1745 924 1783 temeritate
959 1744 1226 1795 imperitorum
1268 1745 1467 1787 excitatus.

142 1811 320 1862 patimini
356 1825 418 1849 me
452 1811 596 1850 delicta
626 1811 728 1860 volgi
763 1824 786 1848 a
820 1810 979 1859 publica
1021 1823 1137 1848 causa
1172 1824 1359 1860 separare.
1419 1813 1471 1849 At

142 1877 247 1916 enim
269 1878 382 1915 istam
412 1876 620 1928 pecuniam
642 1876 734 1914 huic
755 1889 893 1925 capere
915 1889 995 1913 non
1016 1875 1134 1913 licuit.
1195 1877 1335 1913 Vtrum
1356 1876 1470 1914 voltis

143 1944 240 1994 patri
265 1945 406 1982 Flacco
426 1943 582 1982 licuisse
604 1943 758 1981 necne?
807 1941 846 1979 Si
868 1941 976 1979 licuit
998 1943 1064 1986 uli,
1089 1941 1202 1979 sicuti
1224 1948 1328 1980 certe
1348 1941 1467 1988 licuit,

142 2010 191 2047 ad
226 2009 309 2047 eius
343 2010 513 2047 honores
547 2009 713 2053 conlata,
750 2020 796 2045 ex
835 2006 979 2056 quibus
1020 2005 1115 2043 nihil
1152 2005 1235 2055 ipse
1276 2006 1467 2055 capiebat,

190 2124 201 2144 1
222 2114 368 2145 avulsum
384 2114 437 2143 ΣΙ)1
457 2125 462 2144 :
487 2113 645 2144 amissum
664 2115 727 2142 cell.
821 2120 840 2148 3
866 2111 934 2140 iure
953 2110 1047 2149 queri
1069 2109 1124 2149 Βχ
1217 2119 1254 2139 12
1278 2109 1470 2140 contionum

144 2157 244 2188 2b1k:
273 2158 431 2188 contione
454 2168 514 2195 xc:
544 2157 575 2186 in
601 2156 763 2186 contione
785 2153 817 2184 B
964 2163 1000 2191 13
1025 2163 1067 2183 an
1092 2153 1123 2183 id
1150 2152 1256 2191 quod]
1282 2163 1324 2183 an
1345 2163 1414 2183 non
1437 2154 1470 2184 id

143 2203 230 2241 quod
249 2200 399 2240 Sylvius:
429 2201 509 2239 quid
527 2199 660 2229 Ernesti
786 2209 822 2236 14
850 2197 1003 2236 Pergami
1021 2199 1030 2227 ἓ
1071 2196 1142 2226 Nisi
1160 2196 1180 2225 k
1198 2207 1203 2225 :
1230 2197 1423 2234 pergameni
1441 2197 1469 2227 si

144 2250 230 2283 Σχεῑ
258 2254 495 2283 pergamenum
517 2243 580 2281 (-ni
598 2243 661 2273 nisi
679 2241 723 2274 B]
744 2241 762 2270 b
869 2243 906 2271 16
932 2240 1031 2270 fidem
1049 2240 1098 2271 ⁶5:
1123 2240 1240 2269 sedem
1258 2243 1320 2270 cett.
1429 2250 1467 2270 21

142 2287 271 2328 autern]
292 2292 359 2318 tum
378 2290 401 2317 Σ
502 2296 543 2325 23
567 2286 779 2325 optimatium
800 2286 844 2314 Σε
870 2284 1065 2324 optimatum
1083 2286 1147 2313 cett.
1240 2284 1282 2313 28
1309 2282 1416 2313 Flacci
1437 2283 1470 2314 Β

88 2331 91 2334 ⁴
142 2332 189 2362 uti
206 2331 353 2371 supplevi
438 2340 480 2369 29
504 2330 660 2361 collatam
676 2328 739 2367 b¹k‚
759 2327 804 2359 ed.
830 2327 862 2356 V
944 2326 1082 2367 quibus]
1099 2336 1162 2366 qua
1182 2325 1312 2366 Oetlz'ng
1387 2326 1468 2358 nihil

143 2375 215 2414 ipse
233 2378 257 2405 Σ
273 2386 279 2404 :
304 2375 376 2414 ipsc
396 2373 476 2405 nihil
493 2377 557 2404 cett.

1496 80 1535 116 57

1491 1787 1540 1826 25

1493 1847 1532 1878 59
