1747 2620
139 74 188 112 28

149 314 190 356 65

150 1235 189 1266 (26

212 70 253 112 64
573 66 629 103 M.
663 63 832 103 TVLLI
864 64 1173 104 CICERONIS

211 177 510 215 defendendum
541 176 590 215 sit
619 189 709 216 eum
738 175 807 226 qui
837 177 972 226 pulsus
1006 177 1242 227 fugatusque
1271 176 1320 215 sit
1350 191 1429 217 non
1459 191 1544 218 esse

210 241 420 281 deiectum.

265 310 398 358 Atque
426 307 523 346 illud
552 307 591 345 in
620 314 703 346 tota
729 307 960 345 defensione
989 314 1055 345 tua
1080 307 1176 345 mihi
1207 308 1375 347 maxime
1404 308 1544 347 mirum

210 373 427 420 videbatur,
456 380 494 411 te
522 373 652 411 dicere
677 372 769 410 iuris
799 374 1069 410 consultorum
1095 373 1315 412 auctoritati
1345 375 1546 425 obtempe—

210 437 283 475 rari
318 451 398 475 non
430 445 621 488 oportere.
683 439 803 486 Quod
834 451 907 487 ego
937 437 1092 476 tametsi
1124 451 1206 476 non
1240 452 1346 477 nunc
1375 439 1544 490 primum

211 517 341 554 neque
363 503 401 541 in
433 504 506 542 hac
528 517 645 542 causa
670 505 798 541 solum
823 503 953 550 audio,
977 511 1110 541 tamen
1133 505 1352 542 admodum
1378 504 1546 543 mirabar

210 569 281 607 abs
309 577 347 608 te
377 582 496 619 quam
524 570 576 608 ob
607 583 688 607 rem
713 569 917 607 diceretur.
978 570 1084 607 Nam
1104 570 1222 607 ceteri
1250 577 1333 607 tum
1354 570 1406 608 ad
1431 569 1545 608 istam

211 635 429 674 orationem
446 636 658 674 decurrunt
679 648 770 673 cum
791 648 832 673 se
853 634 893 672 in
913 647 1031 673 causa
1051 641 1191 685 putant
1208 635 1354 673 habere
1373 648 1545 685 aequum

211 708 249 740 et
277 702 427 740 bonum
455 701 563 750 quod
589 701 829 747 defendant3
869 700 899 738 si
932 707 1068 738 contra
1092 699 1220 738 verbis
1254 707 1292 738 et
1327 700 1462 739 litteris
1493 709 1543 748 et,

212 774 252 804 ut
291 765 370 805 dici
408 767 521 813 solet,
553 779 709 804 summo
746 766 827 803 iure
859 765 1121 813 contenditur,
1158 767 1286 804 solent
1321 766 1404 804 eius
1436 767 1544 806 modi

211 831 406 882 iniquitati
440 830 555 881 aequi
591 838 629 869 et
668 830 764 869 boni
804 844 950 869 nomen
986 830 1298 882 dignitatemque
1332 845 1543 882 opponere.

211 900 316 936 Tum
338 898 433 936 illud
459 898 567 947 quod
591 896 743 944 dicitur,
771 900 779 916 ‘
796 908 887 934 srvis
914 898 1040 943 NIVE,’
1061 896 1243 944 inrident,
1267 904 1351 935 tum
1379 898 1547 948 aucupia

210 963 419 1002 verborum
450 970 487 1002 et
515 963 729 1001 litterarum
756 962 976 1001 tendiculas
1002 961 1041 1000 in
1069 961 1256 1001 invidiam
1281 970 1439 1012 vocant,
1461 971 1546 1002 tum

210 1028 472 1067 vociferantur
499 1042 546 1067 ex
577 1041 706 1079 aequo
738 1035 776 1066 et
806 1028 928 1076 bono,
950 1041 1031 1065 non
1060 1042 1106 1067 ex
1137 1028 1280 1067 callido
1310 1036 1547 1080 versutoque

210 1094 291 1133 iure
323 1108 404 1132 rem
439 1094 601 1132 iudicari
638 1101 843 1144 oportere3
886 1093 1073 1144 scriptum
1108 1093 1220 1143 sequi
1254 1094 1545 1133 calumniatoris

211 1172 295 1198 esse
323 1158 497 1209 bonique
528 1158 668 1197 iudicis
697 1160 941 1197 voluntatem
967 1158 1165 1208 scriptoris
1194 1159 1546 1210 auctoritatemque

211 1225 433 1264 defendere.
495 1225 542 1262 In
571 1224 644 1263 ista
670 1238 763 1263 vero
789 1238 906 1262 causa
936 1238 1025 1263 cum
1054 1232 1095 1262 tu
1129 1223 1180 1262 sis
1207 1224 1239 1262 is
1269 1224 1334 1275 qui
1361 1233 1400 1264 te
1425 1226 1547 1264 verbo

212 1291 417 1340 litteraque
461 1291 662 1337 defendas,
708 1303 798 1328 cum
839 1297 929 1328 tuae
973 1291 1050 1328 sint
1097 1290 1172 1328 hae
1216 1297 1368 1340 partes:
1420 1292 1548 1329 ‘unde

212 1355 387 1395 deiectus
415 1356 485 1394 es?
514 1368 564 1393 an
586 1355 678 1394 inde
709 1368 788 1405 quo
816 1355 1037 1406 prohibitus
1065 1369 1106 1394 es
1133 1358 1351 1395 accedere?
1380 1357 1546 1396 reiectus

213 1435 265 1469 es,
300 1435 379 1460 non
415 1420 614 1468 deiectus‚'
648 1435 739 1460 cum
779 1429 846 1460 tua
881 1421 929 1459 sit
968 1423 1065 1460 haec
1106 1422 1253 1461 oratio:
1299 1423 1444 1461 ‘fateor
1481 1436 1545 1461 me

212 1486 393 1526 homines
423 1486 609 1536 coegisse,
644 1488 767 1525 fateor
796 1500 982 1535 armasse,
1012 1488 1133 1525 fateor
1163 1487 1233 1525 tibi
1264 1496 1430 1527 mortem
1461 1502 1546 1527 esse

213 1553 446 1599 minitatum,
494 1553 616 1590 fateor
663 1554 740 1591 hoc
782 1552 991 1591 interdicto
1040 1552 1227 1603 praetoris
1271 1553 1470 1601 vindicari,
1516 1553 1547 1591 si

211 1620 391 1657 voluntas
422 1625 460 1656 et
489 1618 665 1667 aequitas
697 1620 821 1656 valeat
837 1633 847 1666 ;
882 1619 952 1656 sed
978 1631 1050 1667 ego
1080 1618 1240 1656 invenio
1270 1618 1309 1656 in
1340 1618 1548 1657 interdicto

212 1685 375 1723 verbum
410 1697 533 1722 unum
570 1683 639 1722 ubi
676 1683 920 1722 delitiscam:
961 1697 1041 1721 non
1077 1683 1201 1722 deieci
1232 1691 1270 1722 te
1300 1698 1346 1722 ex
1381 1697 1428 1722 eo
1458 1686 1546 1723 loco

213 1764 331 1800 quem
367 1750 405 1787 in
441 1751 571 1788 locum
608 1749 791 1800 prohibui
829 1763 879 1788 ne
910 1750 1061 1788 venires
1077 1749 1180 1786 '—in
1209 1749 1280 1787 ista
1315 1751 1546 1789 defensione

212 1828 373 1854 accusas
412 1828 478 1853 eos
529 1814 595 1865 qui
637 1817 906 1861 consuluntur,
951 1816 1060 1865 quod
1104 1814 1311 1865 aequitatis
1360 1823 1546 1854 censeant

213 1880 414 1927 rationem,
448 1893 527 1919 non
558 1880 665 1919 verbi
698 1880 831 1919 haberi
863 1883 1073 1931 oportere?

256 1985 277 2015 8
300 1985 485 2016 orationem
509 1986 573 2018 Tle:
598 1987 821 2018 hortationem
842 1990 904 2018 cell.
1002 1997 1040 2017 10
1067 1987 1137 2017 iure
1155 1986 1250 2018 M²¹oz
1276 1987 1337 2018 iuri
1354 1990 1419 2018 cett.
1511 1997 1548 2018 12

214 2029 301 2068 quod
324 2028 385 2060 To:
410 2040 477 2068 quo
495 2034 558 2061 cett.
688 2031 757 2061 sive
779 2031 854 2061 nive
876 2030 1094 2061 Gulielnn'us:
1121 2031 1191 2061 sive
1210 2031 1332 2061 nibene
1355 2030 1399 2062 T:
1425 2030 1452 2061 si
1469 2032 1548 2061 veni

214 2072 253 2103 be
270 2077 334 2104 cett.
445 2075 481 2103 16
505 2074 668 2115 bonique]
689 2075 766 2105 boni
790 2074 965 2105 Mannsfns
983 2086 989 2105 z
1015 2075 1113 2113 aequi
1132 2074 1278 2113 bonique
1296 2074 1544 2115 Ricltlertfhrt.

214 2116 292 2147 boni
309 2127 389 2148 vero
528 2119 565 2148 18
589 2129 650 2149 eae
671 2119 762 2161 (hee)
788 2118 863 2148 TEe
1001 2130 1039 2158 19
1064 2129 1129 2157 quo
1146 2128 1208 2149 om.
1234 2118 1263 2147 T
1360 2118 1547 2157 prohibitus

213 2159 279 2191 cod.
296 2160 402 2193 Fatis.
428 2172 521 2201 7774,
541 2161 588 2192 ed.
615 2161 665 2193 V:
691 2163 857 2193 cohibitus
877 2167 942 2195 cett.
1049 2162 1178 2193 eiectus
1195 2162 1284 2194 codd.
1303 2175 1309 2193 :
1333 2172 1409 2193 corr.
1434 2162 1545 2193 Came-

214 2204 324 2235 rarius
488 2216 528 2236 22
555 2206 742 2237 minitatum
762 2206 950 2248 Angelius:
977 2207 1181 2237 immutatum
1209 2207 1252 2238 T:
1280 2208 1462 2238 minitatam
1482 2211 1545 2237 cell.

215 2248 298 2278 haee
316 2247 350 2278 E
488 2249 703 2280 interdictum
723 2250 832 2281 codd.:
860 2260 939 2281 corr.
961 2250 1007 2282 ed.
1030 2250 1164 2282 Ascens.
1187 2251 1236 2292 (4)
1380 2250 1546 2281 vindicavi

218 2291 355 2324 (violavi
372 2292 408 2333 k)
425 2292 536 2324 codd:
562 2303 642 2324 corr.
664 2292 711 2324 ed.
733 2293 764 2323 V
913 2304 954 2333 23
978 2295 1011 2325 in
1029 2305 1096 2326 om.
1119 2294 1150 2325 T
1292 2306 1332 2334 24
1358 2295 1545 2325 delitiscarn

223 2335 267 2366 T:
294 2335 492 2368 delitescam
512 2339 577 2368 cett.
715 2347 754 2376 27
781 2337 893 2369 haberi
912 2337 961 2369 Ek
978 2351 984 2369 :
1014 2339 1139 2369 habere
1157 2343 1220 2370 cett.

1565 452 1582 484 5

1569 782 1608 804 10

1567 1439 1608 1461 20
