1747 2620
213 94 296 131 412
626 85 683 122 M.
714 86 883 122 TVLLI
915 85 1223 124 CICERONIS

257 194 453 235 iudicibus
483 198 646 236 fortasse
675 197 987 248 praetermissam
1017 213 1103 237 esse
1131 198 1368 238 arbitrantur
1398 200 1507 250 quod
1538 199 1585 238 sit

198 259 348 310 13ipsis
387 270 590 300 reservata.
652 261 809 301 Deinde
848 262 965 301 etiam
1005 262 1044 300 in
1083 263 1278 314 reliquum
1314 271 1469 314 tempus
1503 264 1586 303 dili·

253 325 482 375 gentissime
502 327 628 365 sancit
649 335 702 374 ut,
726 329 835 377 quod
863 327 1032 378 quisque
1062 328 1275 379 imperator
1300 329 1444 368 habeat
1471 343 1586 380 pecu-

253 390 352 437 niae,
403 391 581 442 protinus
628 393 679 431 ad
719 392 851 431 xviros
899 394 1059 432 deferat.
1134 393 1214 432 Hic
1262 402 1394 433 tamen
1442 394 1585 445 excipit

254 456 490 507 Pompeium
512 456 721 504 simillime,
746 465 787 496 ut
810 457 905 496 mihi
927 458 1092 505 videtur,
1115 466 1234 509 atque
1255 467 1297 498 ut
1317 459 1382 498 illa
1402 461 1486 510 lege
1507 474 1584 510 qua
1604 474 1622 505 5

251 521 443 572 peregrini
466 524 598 561 Roma
619 522 813 561 eiciuntur
834 523 1080 574 Glaucippus
1101 523 1302 575 excipitur.
1363 526 1457 563 Non
1477 525 1583 563 enim

251 587 325 625 hac
355 587 588 638 exceptione
618 602 719 627 unus
746 588 929 627 adficitur
957 588 1162 636 beneficio,
1190 591 1260 628 sed
1286 604 1388 628 unus
1413 589 1584 640 privatur

251 651 400 691 iniuria.
461 655 540 692 Sed
581 653 643 692 cui
686 653 893 692 manubias
933 653 1105 702 remittit,
1149 654 1187 692 in
1228 655 1344 693 huius
1379 655 1584 706 vectigalia

250 717 435 765 invadit.>
472 719 590 757 Iubet
611 718 716 757 enim
738 718 916 769 pecunia,
941 718 971 757 si
999 733 1078 770 qua
1106 727 1195 769 post
1225 734 1297 759 nos
1327 721 1510 759 consules
1537 734 1582 758 ex

250 783 362 822 novis
389 783 645 833 vectigalibus
678 782 897 834 recipiatur,
930 785 1004 822 hac
1036 783 1091 822 uti
1124 784 1266 823 xviros.
1328 784 1451 833 Quasi
1490 799 1582 824 vero
1606 800 1641 822 10

251 861 331 886 non
362 847 636 898 intellegamus
668 850 765 887 haec
797 862 865 887 cos
895 848 1100 898 vectigalia
1129 863 1230 899 quac
1261 850 1335 889 Cn.
1369 849 1581 900 Pompeius

249 911 468 951 adiunxerit
489 914 661 952 vendere
683 912 864 963 cogitare.

192 958 232 1051 [Ξ
304 977 458 1016 Videtis
487 977 577 1026 iam,
606 986 735 1029 patres
766 977 989 1029 conscripti,
1022 977 1209 1017 omnibus
1239 979 1355 1018 rebus
1385 987 1422 1018 et
1453 979 1581 1019 modis

250 1050 515 1082 constructam
537 1051 574 1082 et
596 1051 864 1083 coacervatam
889 1043 1100 1094 pecuniam
1115 1043 1316 1083 xviralem.
1378 1043 1581 1083 Minuetur

249 1107 364 1146 huius
385 1108 576 1158 pecuniae
593 1108 740 1148 invidia
754 1123 764 1156 3
794 1116 1050 1148 consumetur
1070 1108 1175 1148 enim
1193 1108 1231 1147 in
1249 1122 1428 1159 agrorum
1445 1109 1580 1160 empti-
1604 1127 1639 1159 15

248 1172 400 1211 onibus.
444 1173 617 1224 Optime.
665 1173 765 1223 Quis
786 1187 878 1224 ergo
898 1181 1001 1212 emet
1022 1187 1135 1224 agros
1156 1173 1279 1212 istos?
1322 1175 1434 1212 Idem
1457 1173 1580 1221 xviri3

248 1244 300 1284 tu,
334 1239 661 1285 Rulle,-missos
693 1239 798 1278 enim
834 1239 936 1278 facio
971 1247 1286 1279 ceteros—emes
1318 1241 1427 1290 quod
1459 1241 1576 1287 voles,

247 1304 394 1342 vendes
424 1305 532 1353 quod
563 1306 694 1353 voles,
730 1312 940 1356 utrumque
972 1305 1111 1343 horum
1143 1303 1261 1344 facies
1291 1303 1427 1355 quanti
1458 1306 1576 1343 voles.

248 1369 371 1408 Cavet
403 1369 508 1408 enim
540 1370 596 1409 vir
628 1370 801 1421 optimus
832 1385 882 1409 ne
913 1377 1016 1409 emat
1051 1371 1102 1408 ab
1134 1370 1266 1409 invito.
1328 1369 1450 1419 Quasi
1487 1385 1577 1409 vero

246 1447 327 1473 non
351 1434 624 1486 intellegamus
652 1436 703 1475 ab
734 1435 856 1475 invito
881 1450 1010 1476 emere
1039 1435 1267 1475 iniuriosum
1298 1450 1393 1483 csse,
1415 1436 1467 1474 ab
1497 1450 1574 1475 non
1600 1454 1638 1475 ,νο

245 1498 367 1539 invito
399 1509 691 1551 quaestuosum.
763 1503 968 1551 Quantum
1004 1501 1073 1541 tibi
1105 1501 1184 1552 agri
1219 1503 1373 1549 vendet,
1406 1510 1447 1540 ut
1481 1501 1577 1540 alios

244 1554 444 1614 omittam,
461 1580 570 1605 socer
592 1574 691 1614 tuus,
715 1574 766 1615 et,
787 1566 817 1605 si
843 1581 916 1618 ego
944 1567 1027 1606 eius
1054 1567 1292 1618 aequitatem
1313 1566 1433 1606 animi
1455 1568 1577 1618 probe

245 1630 350 1679 novi,
371 1633 515 1671 vendet
536 1646 615 1671 non
637 1632 810 1671 invitus?
868 1633 1030 1673 Facient
1058 1634 1163 1674 idem
1190 1632 1308 1673 ceteri
1335 1632 1510 1679 libenter,
1534 1641 1577 1672 ut

245 1696 503 1747 possessionis
537 1697 725 1736 invidiam
757 1698 926 1749 pecunia
957 1707 1213 1745 commutent,
1243 1697 1437 1749 accipiant
1467 1699 1575 1748 quod

244 1762 419 1813 cupiunt,
443 1764 538 1802 dent
559 1764 667 1814 quod
689 1763 854 1804 retinere
876 1764 937 1804 vix
958 1775 1134 1818 possunt.
1271 1756 1278 1765 .
1598 1779 1634 1811 25

186 1843 224 1874 15
299 1829 337 1867 N
341 1842 417 1867 unc
438 1828 646 1879 perspicite
660 1831 844 1879 ‚omnium
865 1846 992 1871 rerum
1016 1833 1207 1872 infinitam
1229 1840 1347 1884 atque
1369 1831 1574 1870 intoleran-

244 1895 336 1933 dam
371 1893 580 1933 licentiam.
642 1897 815 1936 Pecunia
849 1906 985 1937 coacta
1024 1906 1082 1937 est
1121 1900 1172 1938 ad
1210 1913 1322 1950 agros
1355 1898 1573 1943 emendos3

244 1959 279 1998 ei
309 1973 424 2010 porro
453 1961 505 1999 ab
534 1961 664 2001 invitis
695 1978 774 2003 non
806 1972 993 2003 ementur.
1055 1964 1094 2004 Si
1124 1963 1394 2004 consenserint
1424 1976 1573 2014 posses—

243 2039 350 2064 sores
371 2039 450 2064 non
472 2028 653 2075 vendere,
678 2028 773 2079 quid
802 2030 974 2068 futurum
1004 2031 1093 2067 est?
1151 2031 1356 2068 Referetur
1378 2027 1573 2079 pecunia?

287 2143 306 2171 3
330 2133 494 2172 pecuniae
520 2133 638 2165 habeat
662 2133 694 2164 E
855 2144 874 2173 5
900 2137 998 2173 atque
1022 2132 1073 2173 ut]
1106 2137 1205 2173 atquc
1240 2133 1272 2163 in
1306 2132 1349 2163 fd.
1383 2131 1436 2162 Ix‘:
1472 2136 1570 2170 atquc

244 2175 344 2206 Klotz
364 2177 414 2216 (cs
439 2177 525 2208 Vcrr.
547 2178 565 2208 i.
590 2178 666 2217 119⁸>
871 2178 891 2207 8
915 2177 991 2218 sed]
1012 2177 1038 2207 si
1057 2178 1100 2208 A*
1226 2177 1257 2206 in
1276 2176 1372 2207 liz-N:
1393 2186 1457 2206 om.
1479 2173 1572 2211 Mu?

241 2230 262 2258 9
287 2220 463 2259 pecuniam
489 2220 600 2252 codd:
636 2232 715 2252 corr.
743 2220 874 2252 Richter
989 2222 1028 2250 16
1054 2225 1192 2260 optume
1211 2230 1226 2250 c
1294 2218 1392 2260 ergo]
1418 2218 1516 2258 igitur
1539 2217 1572 2248 E

246 2272 281 2301 17
308 2263 409 2295 facito
426 2265 496 2295 Ecn
585 2266 676 2304 quod
694 2289 700 2296 .
723 2289 729 2296 .
750 2288 755 2295 .
776 2264 881 2304 quod]
896 2274 983 2304 quos
1002 2287 1008 2294 .
1028 2287 1034 2295 .
1056 2287 1062 2295 .
1084 2274 1169 2304 quos
1181 2263 1372 2304 Naugerius
1389 2263 1437 2300 (ι)
1532 2262 1570 2292 18

241 2313 402 2345 quantum
421 2307 453 2338 E
583 2319 620 2339 21
648 2307 724 2348 tibi]
745 2308 846 2348 igitur
863 2307 894 2338 E
1009 2318 1049 2338 22
1073 2307 1276 2347 aequitatem
1298 2307 1368 2338 cius
1385 2306 1416 2337 E
1528 2306 1570 2335 26

242 2352 425 2391 perspicite
444 2352 508 2383 Eco
528 2363 533 2382 :
559 2352 740 2391 prospicite
758 2355 822 2382 cell.
