1747 2620
185 107 225 146 17
249 114 286 144 41
617 100 671 137 M.
704 100 873 137 TVLLI
906 100 1213 139 CICERONIS

246 208 385 258 egisset
412 210 519 248 aliud
547 210 642 248 nihil
668 209 734 248 illo
755 210 924 249 exercitu
951 210 1022 249 nisi
1055 219 1096 249 ut
1126 212 1232 250 urbis
1262 214 1574 264 depopularetur,

244 288 357 324 agros
377 284 553 323 vastaret,
577 276 793 314 exhauriret
815 278 967 323 domos,
999 290 1116 315 ausus
1148 278 1358 328 est-quid
1388 279 1492 318 enim
1516 280 1579 319 ille

245 354 326 378 non
342 342 486 379 audeat
499 343 593 380 ?—a
613 349 750 380 senatu
767 342 1094 392 supplicationem
1114 357 1181 393 per
1202 344 1346 383 litteras
1368 347 1574 395 postulare.

182 404 223 441 18
246 406 283 444 O
321 405 360 444 di
396 406 658 445 immortales!
703 415 797 446 tune
831 407 949 446 etiam
983 415 1102 458 atque
1140 410 1242 447 adeo
1277 423 1357 457 vos,
1396 410 1578 461 geminae

244 473 447 521 voragines
490 473 721 523 scopulique
762 473 814 511 rei
859 473 1052 523 publicae,
1097 487 1165 512 vos
1209 488 1339 513 meam
1377 476 1614 524 fortunam5

243 537 473 587 deprimitis,
506 546 671 576 vestram
703 538 899 586 extollitis,
929 552 1019 577 cum
1050 539 1100 577 de
1129 552 1194 578 me
1224 553 1269 578 ea
1299 547 1457 579 senatus
1485 554 1577 579 con-

242 605 343 642 sulta
375 604 540 642 absente
572 605 673 642 facta
711 604 798 652 sint,
832 618 901 642 eae
935 605 1141 653 contiones
1173 605 1342 653 habitae,
1380 605 1411 644 is
1445 614 1576 645 motus

243 669 355 708 fuerit
395 669 699 720 municipiorum
739 677 778 708 et
817 669 1060 708 coloniarum
1103 670 1293 718 omnium,
1336 685 1380 709 ea
1418 672 1576 710 decreta

241 734 554 785 publicanorum,
589 749 635 774 ea
667 735 950 785 conlegiorum,
982 749 1028 773 ea
1056 735 1230 786 denique
1258 750 1446 786 generum
1476 736 1576 775 ordi-

241 814 417 850 numque
451 800 631 839 omnium
666 814 767 851 quae
807 814 887 839 non
920 802 1042 839 modo
1074 814 1147 851 ego
1181 808 1317 851 optare
1355 815 1574 852 numquam
1597 816 1636 838 10

238 867 425 905 auderem
450 868 521 905 sed
547 866 717 917 cogitare
748 880 828 905 non
856 880 1025 917 possem,
1055 880 1124 905 vos
1153 872 1285 905 autei'n
1317 868 1574 918 sempiternas

174 945 215 976 4²
239 932 491 970 foedissimae
517 931 770 982 turpitudinis
797 928 909 970 notas
938 932 1164 971 subieritis?
1220 935 1284 971 An
1314 947 1398 983 ego,
1421 933 1450 971 si
1477 941 1514 972 te
1536 941 1574 972 et

240 997 455 1036 Gabinium
487 997 591 1036 cruci
630 998 786 1036 suffixos
818 997 1002 1045 viderem,
1034 1000 1181 1036 maiore
1210 999 1399 1037 adficerer
1427 999 1573 1038 laetitia

237 1076 284 1101 ex
322 1063 495 1113 corporis
534 1062 649 1102 vestri
691 1063 926 1102 laceratione
970 1077 1088 1113 quam
1127 1063 1291 1102 adficior
1333 1078 1379 1103 ex
1416 1066 1574 1103 famae?

237 1129 402 1167 Nullum
433 1136 490 1167 est
524 1129 761 1178 supplicium
796 1130 1016 1179 putandum
1051 1143 1132 1179 quo
1165 1129 1280 1167 adfici
1313 1143 1404 1167 casu
1438 1129 1573 1179 aliquo
1596 1145 1631 1177 15

236 1195 355 1232 etiam
393 1194 489 1233 boni
529 1194 597 1233 viri
638 1196 836 1244 fortesque
882 1202 1056 1244 possunt.
1128 1196 1261 1244 Atque
1293 1195 1369 1232 hoc
1408 1194 1571 1244 quidem

236 1260 354 1298 etiam
389 1259 451 1298 isti
487 1259 542 1297 tui
580 1259 718 1298 dicunt
750 1259 957 1310 voluptarii
994 1259 1158 1298 Graeci:
1193 1272 1293 1309 quos
1333 1259 1483 1297 utinam
1519 1260 1572 1297 ita

235 1325 391 1364 audires
427 1332 468 1362 ut
512 1332 621 1363 erant
660 1324 874 1372 audiendi,
923 1337 1141 1373 numquam
1177 1332 1215 1362 te
1255 1324 1293 1362 in
1333 1332 1392 1362 tot
1426 1324 1570 1373 flagitia

235 1389 521 1440 ingurgitasses.
567 1391 714 1428 Verum
736 1389 848 1428 audis
870 1389 909 1427 in
930 1389 1197 1439 praesepibus,
1217 1389 1331 1428 audis
1352 1389 1390 1427 in
1414 1389 1567 1440 stupris,

234 1455 347 1494 audis
391 1455 430 1494 in
470 1455 561 1493 cibo
600 1463 638 1494 et
679 1455 781 1494 vino.
854 1456 932 1493 Sed
971 1455 1108 1493 dicunt
1143 1454 1204 1493 isti
1244 1454 1316 1505 ipsi
1355 1454 1422 1504 qui
1468 1456 1568 1493 mala
1591 1471 1629 1492 20

234 1523 379 1568 dolore,
412 1522 518 1560 bona
552 1523 752 1571 voluptate
792 1520 997 1567 definiunt,
1034 1519 1264 1571 sapientem,
1302 1519 1420 1558 etiam
1458 1519 1489 1558 si
1528 1520 1568 1558 in

235 1587 451 1626 Phalaridis
503 1595 614 1625 tauro
669 1587 843 1625 inclusus
901 1586 1101 1624 succensis
1150 1585 1307 1635 ignibus
1366 1592 1564 1634 torreatur,

234 1653 429 1691 dicturum
452 1660 584 1691 tamen
606 1666 723 1690 suave
753 1652 847 1690 illud
869 1665 954 1689 esse
975 1664 1097 1701 seque
1116 1665 1167 1690 ne
1187 1652 1383 1689 tantulum
1404 1650 1566 1701 quidem

233 1719 483 1758 commoveri.
544 1720 714 1756 Tantam
747 1718 897 1756 virtutis
931 1717 1009 1756 vim
1044 1731 1130 1756 esse
1167 1718 1374 1756 voluerunt
1408 1724 1451 1754 ut
1484 1730 1566 1754 non

170 1804 213 1835 43
233 1792 364 1834 posset
402 1798 487 1823 esse
527 1797 714 1833 umquam
755 1783 810 1821 vir
848 1784 977 1821 bonus
1015 1797 1096 1822 non
1135 1783 1283 1822 beatus.
1356 1784 1469 1832 Quae
1509 1790 1565 1820 est
1587 1795 1624 1826 25

232 1849 346 1899 igitur
377 1863 518 1899 poena,
547 1851 655 1899 quod
691 1849 956 1900 supplicium?
1027 1850 1075 1887 Id
1106 1863 1193 1887 mea
1228 1849 1422 1887 sententia
1457 1849 1565 1898 quod

230 1913 407 1953 accidere
429 1914 576 1952 nemini
600 1921 727 1964 potest
749 1914 823 1952 nisi
844 1913 1014 1961 nocenti,
1037 1921 1219 1964 suscepta
1241 1915 1353 1961 fraus,
1376 1913 1565 1963 impedita

277 2029 290 2049 1
316 2018 373 2049 illo
394 2018 443 2049 V:
469 2019 501 2049 in
519 2019 574 2049 illo
594 2021 658 2050 cett.
779 2030 797 2049 2
823 2019 880 2050 ille
897 2030 964 2050 non
987 2019 1033 2049 V:
1060 2029 1127 2049 non
1146 2018 1200 2049 ille
1217 2021 1282 2049 cett.
1397 2027 1417 2056 3
1444 2018 1564 2048 audeat

234 2062 280 2093 V:
304 2063 442 2093 auderet
459 2066 522 2093 cell.
686 2074 705 2101 4
730 2067 812 2094 tune
834 2063 872 2100 V,
891 2062 975 2103 Lag.
993 2073 1014 2101 9
1031 2074 1037 2092 z
1069 2067 1146 2093 tunc
1169 2061 1243 2102 (del.
1262 2062 1303 2100 c2)
1322 2064 1386 2092 cett.
1546 2072 1562 2100 7

230 2106 295 2136 sint
317 2106 380 2136 Vc:
405 2112 481 2137 sunt
501 2110 568 2138 cett.
701 2107 720 2137 8
747 2117 787 2137 ea
805 2106 959 2146 decreta]
978 2106 1115 2136 decreta
1137 2105 1181 2135 Vl
1311 2115 1351 2135 10
1377 2116 1443 2135 non
1462 2106 1563 2135 modo

229 2160 291 2188 ego
314 2149 448 2189 VEexl:
473 2161 537 2189 ego
558 2160 625 2180 non
646 2151 745 2180 modo
763 2153 826 2181 cell.
932 2160 967 2187 14
995 2149 1102 2180 famae
1124 2148 1165 2180 V:
1190 2149 1277 2179 sama
1294 2148 1401 2188 Eexl:
1428 2148 1563 2179 infamia

228 2196 290 2223 cell.
386 2203 422 2233 15
441 2194 550 2233 aliquo
570 2204 635 2232 quo
649 2192 696 2224 Ee
791 2196 828 2224 16
852 2193 914 2223 viri
938 2192 1048 2223 VEecu¹
1067 2204 1073 2222 :
1094 2204 1159 2224 om.
1182 2196 1246 2224 cett.
1341 2203 1384 2223 20
1408 2196 1440 2222 et
1463 2191 1507 2223 V:
1529 2197 1561 2222 et

230 2237 260 2265 in
285 2240 351 2268 cett.
509 2247 549 2266 22
574 2236 721 2267 inclusus
746 2246 812 2267 ont.
836 2236 1008 2266 Clzam'sius
1027 2235 1071 2267 K.
1093 2236 1114 2267 i.
1134 2245 1194 2274 130
1333 2245 1373 2274 23
1398 2235 1560 2265 dicturum

224 2283 300 2318 post
324 2281 510 2319 sapientem
535 2280 607 2310 lmh.
630 2280 804 2311 (erist'us
916 2290 1020 2318 seque
1043 2279 1093 2310 V:
1126 2289 1268 2318 seseque
1292 2283 1354 2309 cell.
1520 2288 1559 2316 24

230 2323 296 2352 vim
326 2334 400 2353 esse
434 2324 482 2354 1⁷:
516 2334 591 2354 csse
618 2324 682 2353 vim
711 2327 774 2353 fell.
919 2333 958 2362 25
987 2333 1062 2353 esse
1092 2332 1244 2361 uniquam
1277 2322 1365 2361 1⁷2¹:
1405 2331 1558 2361 umquam

231 2376 305 2396 esse
323 2369 383 2396 cell.
