1747 2620
223 93 240 121 1
264 99 276 122 1
626 84 682 123 M.
713 84 882 122 TVLLI
914 84 1221 123 CICERONIS

258 195 406 233 tissime
427 195 693 246 pugnantibus
715 195 906 233 restitistis
923 198 939 234 ?
984 197 1111 242 Haec,
1131 209 1200 246 per
1220 196 1317 234 deos
1334 195 1563 235 immortalis
1581 199 1588 236 i

258 268 387 299 utrum
409 274 494 299 esse
512 260 624 299 vobis
646 260 810 299 consilia
831 261 1024 299 siccorum
1045 274 1095 299 an
1109 260 1400 299 vinolentorum
1422 261 1586 310 somnia,

257 334 295 365 et
316 335 444 365 utrum
467 326 636 375 cogitata
653 326 887 375 sapientium
909 339 959 364 an
977 334 1112 376 optata
1127 325 1362 365 furiosorum
1378 327 1589 366 videntur?

257 391 400 430 Videte
421 405 527 429 nunc
557 390 735 441 proximo
766 390 893 440 capite
925 398 966 429 ut
997 390 1172 441 impurus
1201 392 1335 429 helluo
1355 392 1484 430 turbet
1505 405 1587 430 rem

257 456 467 506 publicam,
492 464 533 494 ut
563 469 585 494 a
616 456 828 494 maioribus
860 456 1001 494 nostris
1031 456 1300 506 possessiones
1331 457 1483 495 relictas
1512 457 1588 495 dis—

256 523 393 572 perdat
413 535 459 560 ac
480 521 653 572 dissipet,
678 530 719 560 ut
741 521 788 560 sit
810 535 890 561 non
912 521 1042 560 minus
1064 521 1103 560 in
1124 521 1261 572 populi
1282 522 1455 560 Romani
1475 522 1588 573 patri-

257 588 391 627 monio
412 601 536 638 nepos
557 601 675 638 quam
699 588 737 626 in
760 601 843 626 suo.
901 587 1111 627 Perscribit
1132 587 1171 625 in
1193 600 1263 626 sua
1283 588 1368 637 lege
1384 587 1588 638 vectigalia

255 667 357 703 quac
389 653 487 692 xviri
520 655 704 702 vendant,
742 655 818 692 boc
848 662 917 701 est,
958 653 1165 705 proscribit
1203 652 1428 692 auctionem
1463 653 1587 704 publi-

254 732 389 757 corum
421 720 628 758 bonorum.
688 721 814 770 Agros
845 719 922 758 emi
951 721 1032 758 volt
1062 719 1129 770 qui
1157 718 1406 769 dividantur3
1432 719 1585 770 quaerit

255 784 473 834 pecuniam.
534 784 730 824 Videlicet
778 785 1014 835 excogitabit
1061 784 1211 835 aliquid
1257 791 1375 835 atque
1421 785 1581 823 adferet.

256 851 358 888 Nam
390 850 654 901 superioribus
685 850 879 901 capitibus
911 851 1079 902 dignitas
1109 850 1244 902 populi
1276 850 1447 889 Romani
1469 850 1586 889 viola-

256 915 377 962 batur,
402 929 547 955 nomen
570 916 707 967 imperi
730 917 768 955 in
790 931 1003 956 commune
1031 917 1167 956 odium
1197 915 1302 955 orbis
1333 924 1455 955 terrae
1475 930 1586 955 voca-

254 981 378 1028 batur,
412 983 528 1021 urbes
563 990 736 1032 pacatae,
773 982 854 1033 agri
890 982 1099 1030 sociorum,
1134 995 1268 1032 regum
1303 989 1426 1020 status
1465 981 1584 1020 xviris

254 1048 504 1086 donabantur
522 1064 530 1096 3
562 1062 667 1086 nunc
695 1062 878 1099 praesens
907 1049 1084 1099 pecunia,
1108 1055 1223 1095 certa,
1246 1055 1449 1086 numerata
1470 1061 1584 1098 quae-

216 1113 356 1155 3ritur.
419 1116 616 1164 Exspecto
655 1113 751 1164 quid
792 1114 972 1153 tribunus
1012 1113 1138 1164 plebis
1172 1113 1335 1163 vigilans
1374 1121 1411 1152 et
1444 1122 1582 1152 acutus

253 1178 456 1229 excogitet.
548 1181 747 1227 ‘Veneat‚'
808 1179 945 1230 inquit,
1009 1179 1125 1217 ‘silva
1174 1178 1355 1217 Scantia.'
1441 1181 1581 1217 Vtrum

253 1245 413 1282 tandem
444 1245 545 1283 lianc
575 1244 711 1282 silvam
742 1245 781 1283 in
814 1245 955 1284 relictis
987 1243 1316 1295 possessionibus,
1348 1257 1397 1282 an
1431 1243 1469 1281 in
1497 1257 1584 1283 cen-

253 1322 383 1347 sorum
425 1310 578 1360 pascuis
617 1310 832 1349 invenisti?
907 1310 945 1349 Si
995 1309 1090 1360 quid
1131 1318 1188 1348 est
1227 1311 1336 1360 quod
1374 1309 1582 1359 indagaris,

253 1374 456 1422 inveneris,
498 1389 544 1412 ex
584 1375 755 1413 tenebris
795 1375 949 1422 erueris,
1001 1388 1243 1425 quamquam
1293 1374 1471 1425 iniquum
1511 1383 1580 1423 est,

251 1448 380 1479 tamen
431 1454 622 1479 consume
665 1454 769 1487 sane,
820 1443 928 1491 quod
978 1442 1234 1479 commodum
1284 1448 1351 1487 cst,
1393 1441 1579 1490 quoniam

251 1505 410 1555 quidem
439 1514 479 1544 tu
507 1506 694 1551 attulisti;
726 1506 862 1545 silvam
885 1520 976 1546 vero
1009 1515 1050 1545 tu
1079 1506 1275 1545 Scantiam
1298 1508 1446 1545 vendas
1467 1507 1582 1545 nobis

251 1571 478 1610 consulibus
500 1580 618 1622 atquc
644 1574 719 1610 hoc
745 1574 916 1611 senatu?
947 1580 987 1610 tu
1010 1574 1132 1610 ullum
1155 1572 1319 1622 vectigal
1339 1572 1520 1622 attingas,
1540 1581 1582 1612 tu

251 1640 396 1688 populo
423 1640 604 1676 Romano
629 1638 804 1677 subsidia
827 1639 927 1685 belli,
953 1647 993 1677 tu
1026 1648 1256 1678 ornamenta
1286 1640 1392 1690 pacis
1414 1640 1584 1690 eripias?

248 1704 352 1740 'l'um
375 1717 465 1742 vero
487 1705 562 1741 boc
586 1717 647 1741 me
670 1703 891 1743 inertiorem
918 1707 1120 1744 consulem
1144 1705 1328 1760 iudicabo
1350 1719 1468 1756 quam
1494 1705 1581 1745 illos

249 1768 479 1806 fortissimos
510 1769 610 1807 viros
643 1769 708 1819 qui
740 1771 845 1819 apud
885 1770 1050 1810 maiores
1076 1780 1228 1810 nostros
1260 1773 1427 1820 fuerunt,
1459 1774 1581 1822 quod,

249 1847 350 1884 quae
371 1834 573 1885 vectigalia
596 1834 668 1872 illis
699 1835 928 1875 consulibus
961 1839 1108 1887 populo
1139 1840 1323 1877 Romano
1347 1846 1455 1889 parta
1477 1847 1577 1887 sunt,

207 1937 229 1962 2
250 1913 294 1937 ca
323 1913 384 1937 mc
416 1902 578 1938 consule
605 1915 653 1939 nc
690 1901 844 1940 retineri
882 1901 1042 1952 quidem
1082 1903 1254 1953 potuisse
1288 1903 1577 1943 iudicabuntur.

211 1992 229 2019 4
252 1964 396 2003 Vendit
429 1965 564 2003 Italiae
597 1966 864 2015 possessiones
896 1981 941 2006 ex
972 1968 1109 2007 ordine
1139 1969 1277 2007 omnis.
1338 1971 1440 2008 Sane
1461 1977 1518 2008 est
1540 1969 1577 2008 in

292 2082 310 2100 ρ
335 2070 433 2101 vinol.
460 2069 551 2109 Ex<¹z
584 2071 684 2101 vinul.
714 2075 778 2102 cell.
947 2083 966 2112 3
991 2073 1191 2112 sapientium
1215 2073 1267 2105 E:
1300 2074 1488 2114 sapientum
1513 2079 1577 2106 cm.

251 2125 266 2153 7
292 2113 414 2154 nepos]
431 2114 531 2144 heres
549 2114 595 2144 Ee
684 2115 860 2154 perscribit
878 2114 927 2146 E:
951 2117 1132 2155 proscribit
1149 2120 1214 2148 cell.
1355 2119 1374 2148 8
1399 2119 1578 2158 proscribit

248 2170 269 2188 e.
290 2157 336 2189 cd.
361 2156 409 2188 V:
441 2159 622 2197 perscribit
640 2163 703 2190 (cll.
854 2168 894 2190 10
919 2159 1074 2191 videlicet
1091 2171 1158 2192 om.
1179 2160 1211 2191 E
1352 2171 1388 2200 14
1409 2162 1577 2193 condona-

250 2202 369 2232 bantur
382 2200 552 2232 Puteanus
636 2202 780 2242 pecunia
798 2207 890 2233 certa
905 2203 1038 2243 scripsi:
1063 2209 1154 2235 certa
1171 2205 1313 2243 pecunia
1330 2203 1419 2236 codd.
1440 2204 1490 2245 (cs.
1507 2204 1578 2236 Zie-

249 2245 353 2282 lsuski,
369 2250 402 2285 p.
418 2247 495 2276 eom
583 2251 757 2277 numerata
774 2251 845 2287 sup.
864 2246 1060 2283 l1‘n.lml›.E,
1073 2246 1131 2279 del.
1150 2246 1299 2278 annder
1399 2246 1441 2279 eo
1465 2254 1576 2280 tamen

247 2294 321 2327 past
344 2298 425 2319 sanc
450 2289 522 2319 hab.
551 2289 588 2322 E,
617 2301 682 2321 0111.
709 2301 729 2320 u
842 2291 931 2330 quod
960 2290 1084 2321 Orelli:
1109 2292 1264 2331 quoniam
1292 2291 1380 2323 codd.
1537 2302 1577 2332 27

252 2332 418 2371 potuisse]
440 2342 539 2371 posse
560 2333 594 2362 N

1608 797 1647 820 10

1606 1127 1644 1162 ¹5

1604 1456 1645 1479 20
