1747 2620
158 61 212 106 36
230 67 273 109 98
601 63 659 100 M.
689 62 857 99 TVLLI
890 62 1196 102 CICERONIS

164 711 205 745 99

229 171 332 212 libus
362 171 620 223 redegissetis,
641 172 692 212 ab
713 172 899 212 omnibus
920 172 1086 224 regibus,
1109 173 1303 225 gentibus,
1325 175 1375 214 ab
1396 176 1558 227 impera-

229 238 378 277 toribus
408 238 550 277 nostris
578 237 815 289 coegissetis,
838 246 970 278 tamen
991 253 1131 279 omnes
1151 239 1263 279 vobis
1292 240 1480 292 pecunias
1506 241 1558 280 ad

228 311 368 342 nutum
390 311 561 343 vestrum
582 305 801 355 penderent
819 319 829 353 3
858 312 901 343 ut
921 304 1027 344 idem
1048 304 1188 357 partim
1210 305 1426 346 invidiosos
1445 319 1558 356 agros

228 384 250 408 a
284 369 453 408 Sullanis
488 369 791 419 possessoribus,
827 369 967 421 partim
1001 372 1177 410 desertos
1211 385 1258 410 ae
1289 371 1506 422 pestilentis
1535 385 1559 410 a

228 435 363 475 vestris
384 435 612 475 necessariis
633 443 673 476 et
688 450 711 475 a
731 435 927 475 vobismet
948 435 1041 487 ipsis
1069 444 1224 488 emptos
1251 436 1388 487 quanti
1408 436 1557 476 velletis
1579 452 1596 486 5

227 503 376 552 populo
398 503 583 541 Romano
611 501 848 541 induceretis
866 517 876 551 3
905 509 948 540 ut
972 502 1107 541 onmia
1133 501 1348 554 municipia
1368 501 1557 542 colonias-

226 580 303 617 que
326 567 462 606 Italiae
489 567 602 606 novis
627 569 779 607 colonis
809 567 1054 619 occuparetis
1068 582 1078 616 3
1108 575 1151 607 ut
1175 568 1493 619 quibuscumque
1516 567 1557 607 in

225 632 322 671 locis
361 634 472 672 vobis
511 633 708 673 videretur
745 647 791 672 ac
830 647 950 685 quam
988 633 1121 673 multis
1156 633 1351 674 videretur
1381 633 1557 674 colonias

225 698 509 748 conlocaretis3
556 707 598 738 ut
637 713 798 739 omnem
833 713 914 738 rem
950 698 1150 750 publicam
1185 698 1321 739 vestris
1354 698 1554 746 militibus,

225 763 361 802 vestris
383 764 556 812 urbibus,
579 765 715 803 vestris
736 764 940 815 praesidiis
961 763 1168 816 cingeretis
1188 772 1307 816 atque
1327 778 1556 816 oppressam
1582 784 1616 806 10

224 829 407 868 teneretis
426 844 436 878 3
464 838 506 868 ut
535 829 664 881 ipsum
686 831 759 870 Cn.
783 830 1031 881 Pompeium,
1053 829 1164 869 cuius
1190 830 1386 882 praesidio
1416 830 1557 881 saepis-

225 894 323 934 sime
351 909 410 934 res
440 895 600 946 publica
627 904 763 936 contra
790 895 1000 936 acerrimos
1031 897 1156 935 hostis
1184 903 1223 936 et
1249 905 1386 936 contra
1415 896 1557 949 impro-

183 971 185 973 ·
224 959 406 999 bissimos
446 961 539 1000 civis
580 963 730 1001 munita
768 967 831 1010 est,
865 963 1033 1001 exercitu
1071 961 1219 1001 victore
1256 970 1376 1014 atque
1415 964 1556 1002 horum

138 1762 198 1784 100

222 1033 439 1076 conspectu
469 1026 620 1077 privare
645 1027 812 1077 possetis
831 1042 842 1075 3
871 1034 913 1065 ut
933 1026 1031 1065 nihil
1051 1040 1147 1066 auro
1168 1034 1207 1066 et
1225 1034 1388 1079 argento
1409 1027 1554 1076 violari,

221 1091 319 1130 nihil
340 1105 506 1131 numero
527 1101 565 1132 et
586 1092 750 1132 servitiis
775 1091 975 1141 declarari,
998 1092 1095 1131 nihil
1116 1091 1152 1131 vi
1173 1100 1212 1132 et
1232 1106 1350 1132 manu
1372 1092 1554 1144 perfringi
1578 1111 1614 1145 15

221 1165 357 1208 posset
378 1159 487 1208 quod
502 1172 583 1197 non
598 1172 666 1197 vos
683 1172 916 1209 oppressum
937 1165 1057 1209 atque
1073 1166 1251 1209 ereptum
1269 1158 1452 1198 teneretis
1470 1173 1480 1208 3
1511 1166 1553 1198 ut

221 1222 434 1261 volitaretis
456 1222 603 1262 interea
624 1238 692 1274 per
715 1223 854 1274 gentis,
876 1237 945 1274 per
971 1236 1090 1274 regna
1110 1222 1245 1262 omnia
1265 1237 1356 1262 cum
1387 1223 1554 1275 imperio

221 1302 387 1337 summo,
411 1302 502 1327 cum
533 1288 680 1328 iudicio
708 1289 874 1337 infinito,
905 1303 997 1328 cum
1026 1288 1136 1328 omni
1164 1288 1356 1340 pecunia3
1385 1297 1427 1328 ut
1451 1291 1554 1329 veni-

220 1353 310 1392 retis
332 1355 371 1392 in
392 1362 518 1393 castra
539 1355 612 1394 Cn.
637 1355 802 1406 Pompei
831 1362 951 1405 atque
977 1354 1062 1406 ipsa
1084 1362 1220 1403 castra,
1243 1354 1275 1394 si
1295 1357 1553 1395 commodum

221 1420 333 1459 vobis
354 1428 468 1468 esset,
490 1420 712 1460 venderetis
727 1435 737 1469 3
767 1428 809 1459 ut
837 1419 986 1460 interea
1008 1420 1253 1472 magistratus
1274 1420 1444 1471 reliquos
1465 1420 1553 1472 legi·
1575 1437 1615 1459 20

220 1486 294 1525 bus
331 1486 517 1525 omnibus
558 1486 675 1525 soluti
716 1486 800 1525 sine
835 1493 942 1526 metu
978 1486 1225 1534 iudiciorum,
1263 1486 1347 1526 sine
1378 1486 1553 1537 periculo

218 1559 349 1602 petere
372 1552 538 1602 possetis
555 1567 566 1600 3
595 1560 639 1591 ut
659 1566 778 1591 nemo
799 1552 850 1591 ad
872 1552 1063 1602 populum
1086 1553 1315 1590 Romanum
1336 1565 1405 1591 vos
1431 1552 1553 1591 addu-

218 1630 316 1664 cere,
340 1631 459 1656 nemo
480 1618 712 1667 producere,
734 1630 853 1655 nemo
874 1615 913 1654 in
936 1623 1116 1655 senatum
1138 1630 1289 1668 cogere,
1312 1630 1393 1656 non
1414 1617 1552 1655 consul

217 1695 408 1729 coercere,
432 1696 513 1721 non
534 1682 713 1721 tribunus
735 1681 861 1732 plebis
882 1681 1048 1721 retinere
1068 1690 1211 1733 posset.

276 1748 390 1786 Haec
411 1761 484 1797 ego
505 1761 574 1786 vos
596 1746 831 1798 concupisse
852 1761 923 1798 pro
944 1754 1071 1786 vestra
1092 1747 1254 1786 stultitia
1274 1755 1392 1799 atque
1414 1747 1550 1787 intem·
1571 1767 1586 1789 2
1593 1768 1609 1800 5

217 1813 392 1863 perantia
431 1827 510 1851 non
551 1813 678 1861 miror,
718 1826 893 1863 sperasse
933 1827 996 1851 me
1034 1815 1197 1852 consule
1230 1813 1395 1864 adsequi
1434 1827 1550 1864 posse

217 1878 397 1917 demiror.
458 1880 563 1918 Nam
584 1893 676 1918 cum
698 1878 878 1918 omnium
899 1880 1107 1917 consulum
1133 1879 1258 1929 gravis
1281 1878 1319 1918 in
1342 1893 1381 1918 re
1392 1880 1549 1929 publica

216 1944 478 1984 custodienda
526 1959 618 1984 cura
662 1958 709 1984 ac
752 1944 954 1995 diligentia
993 1945 1112 1983 (lebet
1151 1959 1247 1993 esse,
1289 1952 1372 1984 tum
1413 1959 1548 1985 eorum

257 2060 277 2088 3
302 2049 335 2079 in
353 2049 538 2081 invidiosos
554 2048 643 2089 Μμχ
777 2061 794 2087 4
822 2048 1095 2089 possessionibus
1111 2048 1158 2079 Ec
1276 2059 1295 2088 5
1321 2050 1489 2081 nobismet
1504 2049 1552 2080 Ee

213 2094 233 2122 8
257 2104 295 2123 ac
313 2117 319 2123 .
340 2116 348 2123 .
369 2117 375 2124 .
396 2093 568 2124 videretur
585 2104 651 2125 om.
668 2105 682 2124 c
699 2105 705 2124 :
729 2093 901 2124 videretur
917 2104 981 2123 0112.
1001 2093 1021 2122 le
1174 2103 1207 2123 11
1235 2094 1327 2124 cuius
1343 2093 1380 2133 χ2
1398 2105 1403 2123 ;
1429 2094 1548 2133 quoius

214 2140 280 2168 cell.
424 2147 461 2168 12
488 2148 542 2168 res
559 2137 610 2178 p.]
633 2148 658 2168 r.
678 2139 762 2175 (rein
783 2140 819 2175 ιι)
838 2148 868 2176 p.
890 2136 1002 2167 codd.:
1035 2136 1179 2176 populus
1199 2137 1298 2167 Rom.
1317 2137 1364 2169 ed.
1386 2136 1553 2178 Hervagii

218 2190 254 2217 13
279 2180 442 2212 victorem
473 2181 630 2219 (tutatum
655 2181 795 2212 victoria
821 2181 902 2221 Lag.
922 2180 956 2219 9)
977 2180 1065 2211 codd.
1087 2191 1094 2210 z
1126 2181 1276 2220 supplevi
1292 2180 1342 2221 (cf
1368 2181 1470 2212 Flacc.
1489 2183 1547 2221 69)

220 2234 254 2262 ¹5
280 2225 426 2256 servitiis
442 2225 580 2265 scripsi:
604 2225 772 2264 suffragiis
790 2224 875 2255 codd.
1014 2223 1193 2265 declarari]
1213 2224 1388 2264 depravari
1409 2224 1550 2266 llladvig

213 2268 243 2296 vi
262 2272 295 2297 ct
312 2267 418 2309 Lagg.
435 2280 466 2308 7,
485 2270 525 2298 8:
552 2269 661 2300 velata
680 2268 745 2306 (vel
764 2269 848 2299 lacta
866 2267 926 2307 Ee)
946 2271 1008 2298 wll.
1150 2270 1188 2299 18
1212 2272 1247 2298 ut
1264 2279 1329 2299 om.
1348 2267 1380 2297 E
1505 2280 1543 2299 21

214 2310 336 2342 iudicio
346 2311 393 2342 Ee
483 2323 524 2351 23
550 2323 648 2343 nemo
666 2313 699 2343 in
716 2311 866 2342 Richter:
891 2321 957 2342 non
979 2311 1010 2341 in
1029 2311 1119 2343 codd.
1211 2312 1371 2344 consules
1384 2311 1416 2341 E
1505 2323 1543 2350 '24

214 2360 328 2393 posset
345 2356 385 2386 k:
412 2355 521 2395 possit
538 2360 602 2388 cell.
737 2366 777 2394 27
803 2355 936 2395 publica
951 2354 1042 2394 χ’ςε
1067 2366 1132 2387 om.
1151 2360 1215 2388 cell.
