1747 2620
247 70 273 110 5
295 77 332 107 ¹5
656 62 713 99 M.
744 61 912 99 TVLLI
945 60 1252 100 CICERONIS

289 181 327 213 et
356 173 590 212 existimatio
611 173 857 213 sanctissima
883 174 955 211 fuit
983 185 1146 223 semper,
1170 180 1208 211 et
1234 172 1352 211 iudex
1372 179 1429 211 est
1450 172 1481 211 is
1501 185 1620 222 quern

289 253 360 278 nos
390 253 470 279 non
501 240 630 278 minus
660 240 763 278 bene
792 240 842 278 de
872 238 987 277 nobis
1017 238 1236 276 existimare
1256 250 1375 288 quam
1401 239 1620 277 secundum

288 318 361 345 nos
397 305 571 345 iudicare
609 305 784 351 velimus,
822 313 860 343 et
898 304 1107 343 advocatio
1139 317 1185 343 ea
1218 311 1277 342 est
1311 317 1429 354 quam
1464 311 1623 354 propter

288 371 474 410 eximium
507 372 759 422 splendorem
799 378 841 408 ut
879 369 1052 408 iudicem
1085 383 1210 408 unum
1238 369 1360 408 vereri
1391 369 1619 417 debeamus,

288 436 450 486 perinde
480 449 527 475 ac
560 436 592 474 si
626 435 666 474 in
700 437 803 474 hanc
839 437 1046 474 formulam
1086 434 1219 474 omnia
1257 434 1402 474 iudicia
1436 435 1618 486 legitima,
1642 449 1659 481 5

286 502 420 540 omnia
448 501 606 540 arbitria
635 500 854 548 honoraria,
877 501 1011 540 omnia
1040 500 1168 539 officia
1197 500 1415 539 domestica
1435 502 1622 540 conclusa

286 575 324 606 et
358 569 644 618 comprehensa
676 567 764 614 sint,
798 566 961 618 perinde
992 566 1181 605 dicemus.
1242 567 1314 604 Illa
1348 566 1522 616 superior
1550 566 1622 605 fuit

286 634 410 671 oratio
439 632 668 679 necessaria,
692 634 791 671 haec
815 632 885 671 erit
905 631 1134 680 voluntaria,
1156 631 1220 670 illa
1240 633 1291 670 ad
1318 631 1501 679 iudicem,
1522 632 1622 671 haec

285 700 337 737 ad
358 699 403 739 C.
427 698 624 746 Pisonem,
647 698 712 736 illa
736 711 807 749 pro
832 711 909 745 reo,
934 698 1031 736 haec
1058 711 1128 748 pro
1158 697 1316 745 Roscio,
1340 698 1403 735 illa
1423 696 1618 745 victoriae,

287 766 385 804 haec
405 765 535 804 bonae
555 764 852 804 existimationis
873 777 991 803 causa
1011 771 1246 814 comparata.
1643 774 1680 796 10

230 812 268 902 ἒ
343 829 557 869 Pecuniam
586 829 698 880 petis,
721 829 858 878 Fanni,
879 843 902 868 a
930 830 1090 868 Roscio.
1150 830 1314 878 Quam?
1343 828 1406 867 dic
1436 829 1622 867 audacter

286 903 326 936 et
344 904 488 947 aperte.
547 897 689 934 Vtrum
719 908 814 945 quae
844 894 915 933 tibi
941 909 987 934 ex
1014 894 1201 933 societate
1227 894 1427 941 debeatur,
1449 907 1500 932 an
1521 907 1623 944 quae

286 974 334 1001 ex
362 961 593 1000 liberalitate
622 960 738 999 huius
769 960 962 1012 promissa
992 961 1040 999 sit
1081 967 1120 998 et
1155 961 1382 998 ostentata?
1439 960 1621 1008 Quorum

285 1028 450 1066 alterum
482 1034 540 1065 est
573 1025 726 1077 gravius
756 1034 795 1065 et
825 1025 1011 1074 odiosius,
1037 1027 1203 1064 alterum
1236 1025 1359 1064 levius
1391 1033 1429 1064 et
1456 1025 1617 1064 facilius.

287 1094 401 1142 Quae
426 1106 473 1132 ex
498 1093 686 1131 societate
712 1092 932 1131 debeatur?
990 1091 1099 1141 Quid
1119 1091 1208 1131 ais?
1265 1093 1358 1130 Hoc
1383 1091 1460 1130 iam
1489 1105 1620 1143 neque
1644 1102 1679 1133 15

285 1159 420 1199 leviter
446 1159 652 1198 ferendum
683 1165 742 1197 est
770 1171 901 1208 neque
930 1159 1181 1208 neglegenter
1211 1159 1520 1197 defendendum.
1581 1158 1621 1197 Si

286 1238 364 1276 qua
402 1224 507 1263 enim
546 1231 637 1262 sunt
675 1223 823 1274 privata
861 1222 1006 1262 iudicia
1043 1236 1222 1262 summae
1254 1222 1552 1262 existimationis
1583 1232 1621 1263 et

285 1304 411 1342 paene
440 1291 569 1329 dicam
601 1289 749 1339 capitis,
771 1288 843 1327 tria
862 1289 960 1327 haec
982 1296 1083 1336 sunt,
1111 1287 1290 1335 fiduciae,
1320 1290 1476 1337 tutelae,
1502 1289 1622 1328 socie-

286 1355 385 1395 tatis.
458 1358 598 1406 Aeque
644 1353 749 1393 enim
796 1354 1051 1405 perfidiosum
1092 1362 1130 1393 et
1171 1354 1362 1393 nefarium
1402 1363 1459 1393 est
1499 1356 1619 1394 fidem

284 1424 460 1473 frangere
487 1434 588 1472 quae
622 1419 799 1459 continet
826 1420 957 1469 vitam,
979 1428 1017 1460 et
1045 1421 1238 1472 pupillum
1275 1421 1453 1460 fraudare
1478 1421 1545 1471 qui
1579 1421 1620 1460 in
1641 1437 1681 1458 20

283 1490 446 1528 tutelam
466 1487 654 1539 pervenit,
671 1494 708 1525 et
723 1486 874 1525 socium
891 1487 1022 1525 fallere
1036 1488 1102 1537 qui
1117 1501 1158 1526 se
1174 1489 1213 1525 in
1229 1486 1388 1537 negotio
1404 1486 1617 1526 coniunxit.

226 1566 261 1601 ¹7
285 1555 399 1604 Quae
419 1567 510 1592 curn
530 1552 584 1591 ita
603 1551 691 1599 sint,
715 1552 802 1602 quis
824 1551 871 1590 sit
892 1552 959 1602 qui
991 1553 1142 1591 socium
1162 1552 1347 1591 fraudarit
1383 1559 1421 1591 et
1442 1553 1621 1591 fefellerit

282 1619 603 1665 consideremus3
643 1616 753 1655 dabit
793 1616 898 1655 enim
937 1617 1051 1655 nobis
1090 1617 1168 1656 iam
1208 1617 1324 1656 tacite
1355 1617 1432 1655 vita
1461 1625 1547 1655 acta
1580 1617 1618 1655 in

282 1687 503 1723 alterutram
522 1690 672 1733 partem
689 1683 841 1719 firmum
859 1690 897 1720 et
909 1696 1024 1732 grave
1038 1683 1318 1721 testimonium.
1353 1684 1402 1731 Q.
1420 1681 1619 1721 Roscius?

283 1751 392 1799 Quid
423 1749 508 1787 ais?
542 1761 686 1794 nonne,
721 1755 762 1785 ut
794 1747 891 1797 ignis
931 1747 971 1785 in
1003 1761 1147 1798 aquam
1186 1747 1388 1786 coniectus
1426 1747 1618 1786 continuo
1639 1761 1678 1792 2-5

281 1813 530 1864 restinguitur
560 1820 598 1851 et
631 1812 883 1862 refrigeratur,
909 1812 964 1851 sic
996 1814 1191 1852 refervens
1223 1814 1363 1851 falsum
1399 1812 1546 1851 crimen
1577 1813 1617 1851 in

280 1878 526 1930 purissimam
554 1885 591 1916 et
624 1877 881 1916 castissimam
904 1879 1022 1916 vitam
1053 1880 1254 1917 conlatum
1284 1879 1413 1916 statim
1444 1877 1617 1916 concidit

280 1954 318 1984 et
334 1945 619 1995 exstinguitur?
691 1946 859 1984 Roscius
893 1946 1044 1984 socium
1093 1945 1308 1984 fraudavit!
1367 1947 1501 1983 Potest
1539 1946 1616 1983 hoc

279 2010 429 2049 homini
463 2010 555 2048 huic
590 2012 747 2051 haerere
779 2014 1019 2062 peccatum?
1053 2013 1119 2062 qui
1153 2026 1215 2050 me
1249 2011 1336 2050 dius
1376 2012 1614 2049 fidius-au-

279 2077 412 2114 dacter
452 2076 686 2127 dico—plus
728 2077 819 2116 fidei
858 2091 975 2128 quarn
1016 2077 1120 2123 artis,
1159 2078 1245 2126 plus
1284 2076 1453 2115 veritatis
1494 2090 1613 2126 quam
1633 2088 1673 2118 30

278 2141 508 2191 disciplinae
534 2142 708 2192 possidet
731 2142 770 2180 in
791 2157 843 2189 se,
863 2157 980 2193 quem
1002 2145 1172 2194 populus
1192 2145 1396 2181 Romanus
1410 2141 1612 2181 meliorem

322 2257 341 2284 4
367 2246 485 2286 unum]
506 2252 631 2277 mutum
653 2246 774 2277 Mz'c'ller
903 2257 922 2287 5
948 2248 1092 2288 proinde
1106 2246 1296 2277 Lambinus
1429 2256 1446 2285 7
1471 2245 1612 2286 proinde

282 2288 323 2328 b¹‚
344 2288 536 2320 Lambinus
553 2302 558 2320 :
584 2290 645 2321 del.
665 2291 856 2330 Naugerius
874 2291 925 2330 (2)
1043 2301 1080 2321 12
1104 2301 1190 2330 quae
1207 2291 1236 2327 k,
1252 2289 1418 2331 Angelius
1433 2301 1440 2320 ε
1464 2300 1527 2321 om.
1542 2293 1610 2320 cett.

285 2343 322 2371 14
348 2339 380 2363 et
399 2334 550 2364 odiosius
569 2339 603 2364 ct
622 2337 647 2364 Ω
746 2334 856 2365 lenius
875 2335 916 2364 ,Ωι
1050 2345 1090 2365 22
1115 2335 1190 2374 quis
1206 2335 1250 2365 sit
1268 2334 1297 2365 θ’
1313 2345 1318 2364 :
1343 2333 1422 2373 quid
1440 2333 1484 2364 sit
1502 2336 1568 2365 cett.
