1747 2620
192 39 278 67 210
596 32 651 68 M.
684 31 851 68 TVLLI
885 30 1191 70 CICERONIS

240 141 285 181 C.
304 141 448 192 Aquili,
466 155 615 193 vosque
635 140 702 192 qui
723 140 762 180 in
784 139 948 178 consilio
969 139 1125 186 adestis,
1148 146 1231 177 orat
1250 146 1369 189 atque
1390 139 1569 179 obsecrat

241 212 284 244 ut
317 206 448 245 multis
482 206 630 245 iniuriis
665 205 845 244 iactatam
878 212 998 255 atque
1028 204 1212 254 agitatam
1252 202 1492 254 aequitatem
1527 203 1567 242 in

178 255 216 337 Ξ
243 270 319 309 hoc
351 272 510 310 tandem
544 273 631 310 loco
666 270 879 309 consistere
914 277 952 308 et
986 268 1208 308 confirmari
1243 268 1458 319 patiamini.
1518 270 1567 308 Id

241 349 322 386 quo
360 336 510 375 facilius
543 338 668 375 facere
704 335 871 386 possitis,
906 335 1011 373 dabo
1046 348 1204 385 operam
1240 341 1281 372 ut
1314 347 1337 372 a
1372 332 1567 385 principio

238 414 298 440 res
319 416 437 452 quem
458 403 508 442 ad
530 404 692 442 modum
715 409 823 452 gesta
844 408 881 439 et
902 408 1103 439 contracta
1124 399 1171 438 sit
1194 399 1452 450 cognoscatis.
1587 417 1619 448 5·

291 468 336 506 C.
361 467 570 516 Quinctius
593 466 662 505 fuit
685 469 727 505 P.
751 465 912 515 Quincti
942 464 1057 504 huius
1079 466 1203 512 frater,
1228 478 1321 504 sane
1347 472 1580 517 ceterarunr

238 547 364 572 rerum
403 540 511 583 pater
545 531 710 570 familias
750 539 787 569 et
822 532 994 581 prudens
1033 537 1070 568 et
1108 537 1295 578 attentus)
1334 543 1413 568 una
1451 529 1490 567 in
1525 544 1565 568 re

236 599 354 646 paulo
383 597 510 636 minus
535 597 815 644 consideratus,
839 595 907 647 qui
929 595 1157 635 societatem
1186 609 1276 634 cum
1302 597 1388 635 Sex.
1413 595 1566 634 Naevio

236 662 380 711 fecerit,
410 662 490 701 viro
522 663 639 710 bono,
671 676 803 701 verum
840 669 971 700 tamen
1005 674 1086 700 non
1121 661 1174 699 ita
1203 660 1381 700 instituto
1411 667 1454 699 ut
1483 660 1566 699 iura

235 727 431 766 societatis
461 736 499 767 et
527 728 653 767 officia
682 728 775 767 certi
803 727 920 778 patris
951 727 1117 765 familias
1147 741 1262 765 nosse
1293 735 1450 777 posset3
1483 740 1564 765 non
1588 741 1624 764 10

235 807 315 842 quo
336 793 370 831 ei
391 794 545 832 deesset
572 792 772 843 ingenium
791 807 801 840 3
831 806 922 830 nam
949 805 1078 842 neque
1099 805 1236 842 parum
1264 793 1413 831 facetus
1434 805 1565 831 scurra

235 859 321 896 Sex.
346 857 518 896 Naevius
547 872 675 908 neque
701 857 940 895 inhumanus
970 870 1112 908 praeco
1133 870 1322 907 umquam
1352 864 1410 896 est
1436 856 1563 896 existi-

235 930 371 961 matus.
433 922 541 972 Quid
563 937 654 973 ergo
679 925 766 961 est?
823 924 925 961 Cum
947 921 982 961 ei
1003 929 1141 961 natura
1161 921 1258 960 nihil
1282 922 1422 962 melius
1443 936 1562 973 quam

233 1001 370 1027 vocem
402 989 588 1037 dedisset,
619 996 727 1039 pater
759 987 854 1026 nihil
890 995 1041 1038 praeter
1074 988 1294 1027 libertatem
1330 988 1559 1039 reliquisset,

233 1066 371 1092 vocem
406 1054 444 1092 in
484 1062 690 1104 quaestum
731 1053 908 1100 contulit,
945 1053 1123 1092 libertate
1155 1067 1248 1092 usus
1287 1061 1346 1092 est
1384 1067 1464 1104 quo
1495 1054 1563 1093 im-
1586 1070 1622 1104 15

174 1137 207 1158 12
233 1119 376 1168 punius
398 1118 509 1158 dicax
538 1127 650 1159 esset.
712 1118 801 1168 Qha
822 1133 862 1157 re
883 1118 1044 1169 quidem
1066 1118 1218 1158 socium
1240 1118 1311 1157 tibi
1332 1133 1422 1157 eum
1444 1121 1562 1159 velles

232 1183 445 1234 adiungere
475 1184 570 1222 nihil
599 1192 678 1224 erat
708 1184 781 1223 nisi
803 1192 844 1223 ut
870 1184 908 1223 in
937 1192 1003 1223 tua
1032 1184 1200 1235 pecunia
1225 1184 1470 1224 condisceret
1495 1185 1562 1236 qui

233 1249 423 1300 pecuniae
463 1252 609 1289 fructus
641 1258 770 1298 esset3
810 1258 941 1289 tamen
974 1250 1159 1289 inductus
1194 1250 1482 1290 consuetudine
1516 1265 1562 1290 ac

233 1315 491 1354 familiaritate
536 1315 747 1365 Quinctius
791 1315 893 1363 fecit,
935 1323 976 1354 ut
1020 1315 1111 1363 dixi,
1154 1315 1382 1355 societatem
1427 1330 1559 1355 earum

232 1394 357 1419 rerum
387 1395 486 1431 quae
508 1381 545 1419 in
575 1381 701 1420 Gallia
722 1382 1062 1432 comparabantur.
1124 1383 1218 1419 Erat
1244 1381 1278 1420 ei
1300 1381 1481 1432 pecuaria
1502 1396 1561 1421 res
1584 1399 1623 1421 20

230 1447 361 1496 ampla
381 1455 418 1485 et
449 1447 590 1486 rustica
613 1461 707 1486 sane
735 1448 836 1486 bene
858 1449 961 1485 culta
987 1454 1024 1486 et
1046 1448 1254 1486 fructuosa.
1315 1447 1484 1486 Tollitur
1511 1448 1562 1486 ab

231 1512 335 1550 atriis
381 1512 540 1551 Liciniis
578 1521 696 1563 atque
735 1527 758 1551 a
801 1527 1040 1563 praeconum
1081 1527 1268 1552 consessu
1313 1512 1352 1551 in
1393 1513 1560 1552 Galliam

234 1577 405 1616 Naevius
449 1586 486 1616 et
530 1586 633 1616 trans
679 1578 790 1629 Alpis
839 1593 963 1629 usque
1008 1580 1244 1617 transfertur.
1319 1579 1380 1617 Fit
1422 1593 1562 1629 magna

233 1642 396 1680 mutatio
441 1643 526 1690 loci,
572 1657 651 1682 non
697 1643 838 1694 ingeni.
912 1645 1015 1684 Nam
1058 1643 1125 1694 qui
1168 1645 1218 1683 ab
1262 1645 1561 1684 adulescentulo

233 1715 437 1756 quaestum
483 1708 555 1747 sihi
597 1708 825 1748 instituisset
871 1709 954 1748 sine
1000 1709 1213 1760 impendio,
1261 1718 1397 1759 postca
1441 1725 1559 1761 quam
1585 1728 1621 1759 :5

233 1772 366 1811 nescio
400 1774 494 1823 quid
528 1773 720 1824 impendit
757 1782 795 1812 ct
830 1774 866 1813 in
903 1789 1116 1814 commune
1157 1775 1334 1822 contulit,
1374 1775 1558 1814 mediocri

176 1850 212 1880 13
232 1846 395 1887 quaestu
419 1846 627 1876 contentus
656 1854 740 1877 esst:
763 1854 841 1878 non
873 1849 1034 1891 poterat.
1095 1842 1180 1880 Nec
1203 1841 1354 1888 mirum,
1379 1842 1409 1879 si
1436 1841 1465 1879 is
1493 1842 1559 1892 qui

231 1915 367 1941 vocem
392 1905 567 1942 venalem
600 1904 861 1947 liabuerat,ea
890 1920 989 1955 quae
1019 1920 1115 1946 voce
1146 1907 1388 1957 quaesiverat
1418 1922 1560 1958 magno

229 1967 303 2005 sibi
342 1968 519 2018 quaestui
556 1970 636 2007 fore
674 1970 846 2019 putabat.
908 1973 1047 2022 Itaque
1080 1973 1237 2012 hercule
1272 1974 1377 2012 haud
1414 1973 1560 2012 medio-

229 2031 341 2071 criter
361 2034 411 2072 dc
445 2034 646 2073 cmnmuni
675 2037 957 2087 quodcumque
983 2045 1133 2087 poterat
1161 2040 1212 2078 ad
1233 2052 1273 2078 se
1301 2038 1339 2077 in
1370 2039 1557 2090 privatam
1580 2053 1621 2084 30

276 2147 285 2167 1
315 2143 414 2177 atquc
433 2162 438 2169 .
461 2161 468 2169 .
488 2162 495 2170 .
518 2139 670 2171 iactatam
687 2152 749 2172 0111.
770 2141 823 2171 ΣΝ
940 2153 971 2172 11
1001 2143 1047 2184 ci]
1066 2145 1172 2175 cidem
1195 2149 1216 2176 Σ
1234 2157 1240 2176 :
1265 2145 1351 2177 iden]
1371 2145 1400 2175 (1¹
1522 2156 1558 2177 12

229 2186 279 2212 cst
308 2192 460 2220 uinquam
494 2183 537 2221 xlc
694 2187 730 2214 16
755 2185 904 2226 quidem]
930 2188 1017 2225 quod
1046 2188 1093 2218 ml.
1124 2189 1154 2218 lx‘
1302 2201 1343 2220 20
1367 2190 1557 2228 pecuniaria

230 2225 332 2263 [ν’γ-’ΐ
450 2237 488 2256 22:
519 2227 664 2257 Licinius
687 2232 709 2258 Σ
820 2230 860 2259 nd
887 2231 1100 2269 praeconium
1128 2244 1295 2263 consensu
1327 2233 1380 2262 ΣΝ
1516 2246 1558 2271 (ω

229 2269 461 2317 quodcumque
483 2270 616 2301 liniter:
649 2272 737 2310 quod
760 2272 906 2313 quidque
925 2274 1079 2313 Quisque
1096 2276 1129 2315 b)
1147 2277 1232 2308 codd.
1250 2289 1255 2307 z
1289 2278 1448 2317 quidquid
1465 2277 1556 2308 Nau-

223 2323 334 2352 gcmus
356 2324 401 2351 χι]
