1716 2662
108 752 146 775 10

107 1404 147 1426 20

489 41 601 81 PRO
629 42 675 81 L.
706 41 926 81 FLACCO
955 39 1174 81 ORATIO
1439 48 1494 87 42
1517 52 1578 86 104

165 153 264 191 haec
290 153 396 191 salva
416 165 501 192 esse
522 154 728 192 voluerunt
748 153 840 204 ipsis
865 166 950 192 esse
977 153 1102 191 salvis.
1163 152 1308 199 Nolite,
1331 153 1491 200 iudices,
1517 163 1577 196 105

165 216 386 256 existimare
405 231 474 256 eos
495 217 638 268 quibus
659 217 851 268 integrum
872 225 941 264 est,
965 217 1031 268 qui
1053 218 1231 255 nondum
1251 218 1303 255 ad
1324 219 1493 256 honores

164 290 424 329 accesserunt,
440 296 520 321 non
533 290 758 333 exspectare
772 282 887 321 huius
901 282 1047 320 exitum
1062 281 1192 320 iudici.
1238 281 1277 320 Si
1292 283 1335 319 L.
1352 283 1494 320 Flacco

166 354 296 386 tantus
333 361 445 386 amor
482 347 522 385 in
561 348 688 386 bonos
727 347 866 395 omnis,
902 355 1055 385 tantum
1094 346 1133 384 in
1173 360 1254 385 rem
1293 346 1493 397 publicam

166 411 339 451 studium
360 411 572 450 calamitati
599 411 723 460 fuerit,
747 426 865 462 quem
887 413 1052 462 posthac
1079 419 1159 450 tam
1186 419 1384 450 amentem
1412 412 1495 449 fore

165 477 309 528 putatis
336 477 403 528 qui
431 491 511 517 non
539 478 645 516 illam
666 477 768 516 viam
789 477 890 516 vitae
917 491 1036 527 quam
1063 484 1155 516 ante
1182 476 1434 527 praecipitem
1455 483 1494 514 et

166 543 355 582 lubricam
376 558 461 582 esse
488 544 659 582 ducebat
686 543 777 582 huic
797 545 938 594 planae
957 550 996 582 et
1022 542 1150 581 stabili
1172 543 1491 593 praeponendam

165 623 250 648 esse
269 609 506 647 arbitretur?
550 610 671 657 Quod
692 609 721 647 si
746 608 880 647 talium
902 608 1045 647 civium
1067 621 1146 655 VOS,
1170 607 1330 655 iudices,
1350 609 1491 653 taedet,

165 674 361 713 ostendite
380 689 390 721 3
419 674 629 712 mutabunt
656 673 889 712 sententiam
912 672 979 723 qui
1001 672 1224 723 potuerint;
1252 674 1494 711 constituent

165 739 261 789 quid
299 747 415 790 agant
454 739 597 789 quibus
631 738 824 790 integrum
858 746 938 785 est3
983 752 1055 777 nos
1089 737 1155 789 qui
1191 738 1267 776 iam
1302 736 1493 788 progressi

165 819 299 843 sumus
329 806 435 843 hunc
465 804 611 843 exitum
642 812 797 843 nostrae
826 804 1053 843 temeritatis
1083 805 1262 842 feremus.
1322 802 1389 842 Sin
1417 804 1494 841 hoc

163 869 297 908 animo
327 884 445 920 quam
477 870 664 920 plurimos
693 884 779 908 esse
808 871 932 916 voltis,
963 869 1210 908 declarabitis
1241 869 1317 907 hoc
1347 867 1494 907 iudicio

164 934 260 985 quid
281 935 468 973 sentiatis.
529 935 649 982 Huic,
663 935 755 973 huic
770 934 913 973 misero
929 949 1051 985 puero
1067 942 1195 973 vestro
1214 948 1261 972 ac
1281 933 1493 972 liberorum
1518 939 1577 970 106

164 1008 380 1039 vestrorum
409 999 589 1051 supplici,
620 999 781 1047 iudices,
813 1001 890 1038 hoc
919 999 1066 1038 iudicio
1095 999 1252 1038 vivendi
1285 1007 1494 1049 praecepta

164 1065 318 1105 dabitis.
379 1064 454 1105 Cui
481 1064 512 1103 si
534 1072 684 1116 patrem
705 1064 956 1112 conservatis,
980 1064 1105 1114 qualis
1133 1064 1217 1114 ipse
1243 1064 1387 1103 debeat
1407 1078 1493 1102 esse

164 1130 257 1170 civis
286 1130 583 1181 praescribetis;
621 1130 652 1168 si
683 1130 840 1181 eripitis,
875 1129 1092 1168 ostendetis
1127 1130 1256 1168 bonae
1286 1128 1424 1168 rationi
1454 1136 1493 1168 et

163 1195 359 1235 constanti
380 1204 418 1235 et
444 1195 548 1246 gravi
569 1197 721 1234 nullum
750 1209 773 1234 a
792 1195 903 1234 vobis
931 1197 1099 1234 fructum
1120 1209 1206 1234 esse
1231 1194 1490 1245 propositum.

164 1261 243 1311 Qui
274 1275 354 1309 vos,
383 1261 572 1312 quoniam
603 1268 660 1300 est
689 1261 730 1300 id
759 1261 896 1300 aetatis
926 1268 968 1299 ut
998 1274 1156 1299 sensum
1186 1260 1262 1298 iam
1293 1260 1493 1310 percipere

165 1326 287 1376 possit
325 1340 372 1364 ex
411 1339 585 1365 maerore
623 1325 761 1376 patrio,
799 1325 988 1365 auxilium
1028 1326 1207 1364 nondum
1253 1324 1351 1376 patri
1397 1326 1494 1363 ferre

165 1391 297 1442 possit,
320 1399 404 1430 orat
425 1405 474 1430 ne
494 1405 609 1429 suum
630 1392 779 1429 luctum
800 1390 917 1440 patris
939 1390 1117 1437 lacrimis,
1140 1389 1257 1440 patris
1278 1403 1494 1428 maerorem

165 1471 237 1495 suo
258 1458 352 1495 fletu
371 1456 566 1507 augeatis:
597 1455 664 1506 qui
681 1455 796 1494 etiarn
820 1469 883 1494 me
904 1455 1085 1501 intuetur,
1106 1469 1168 1493 me
1185 1457 1291 1493 voltu
1311 1456 1492 1505 appellat.

166 1535 294 1560 meam
325 1522 496 1571 quodam
527 1522 648 1559 modo
678 1522 775 1558 flens
806 1521 923 1558 fidem
957 1520 1136 1570 implorat
1166 1534 1212 1558 ac
1241 1519 1379 1569 repetit
1408 1533 1495 1558 eam

165 1601 285 1638 quarn
302 1600 374 1636 ego
395 1586 492 1637 patri
514 1599 585 1624 suo
601 1588 803 1636 quondam
821 1600 890 1636 pro
911 1587 1034 1624 salute
1051 1585 1196 1636 patriae
1216 1583 1496 1634 spoponderim

167 1652 408 1703 dignitatem.
471 1652 713 1690 Miseremini
737 1653 917 1700 familiae,
934 1652 1094 1698 iudices,
1116 1649 1353 1689 miseremini
1375 1649 1498 1687 fortis-

108 1730 121 1751 2
167 1718 254 1757 simi
282 1718 410 1769 patris,
439 1718 674 1758 miseremini
698 1719 776 1767 fili3
810 1733 956 1757 nomen
989 1716 1246 1756 clarissimum
1276 1722 1315 1754 et
1341 1713 1498 1753 fortissi-

167 1797 275 1822 mum
291 1786 351 1823 vel
366 1785 517 1836 generis
533 1786 594 1824 vel
610 1785 812 1823 vetustatis
827 1785 887 1823 vel
908 1782 1080 1822 hominis
1103 1794 1221 1820 causa
1239 1779 1291 1819 rei
1313 1775 1497 1831 publicae

165 1858 366 1889 reservate.

214 1969 229 1996 4
257 1958 288 1988 in
308 1967 376 1988 rem
394 1967 425 1996 p.
445 1955 510 1987 cod.
530 1955 576 1987 H.
600 1955 782 1996 Stephani:
820 1954 853 1984 in
872 1964 907 1985 re
925 1964 956 1993 p.
979 1954 1044 1984 mci
1226 1962 1242 1990 7
1270 1949 1417 1981 ducebat
1434 1949 1500 1979 Σόε

169 2002 300 2031 dicebat
319 2001 373 2039 χς
545 2011 566 2037 o
593 2004 751 2039 poterunt
767 1998 942 2038 h,E›-11csti
1119 2006 1155 2035 ¹3
1179 1996 1267 2033 huic,
1288 1993 1380 2032 huic]
1400 1993 1473 2023 huic
1490 1992 1505 2022 i

175 2054 212 2083 15
239 2044 377 2084 dabitis]
398 2044 446 2073 ‘ci
464 2044 594 2085 supple*
616 2047 639 2074 Σ
657 2054 724 2082 mg.
848 2043 886 2071 16
909 2041 952 2081 si]
971 2040 1024 2070 sin
1042 2039 1219 2070 Manutius
1309 2036 1500 2068 ostendetis

171 2087 200 2117 h'
220 2100 226 2118 ε
251 2088 428 2118 ostenditis
445 2091 508 2118 cell.
673 2096 713 2116 22
737 2085 893 2124 implorat
911 2095 949 2115 ac
967 2083 1135 2124 Angelius
1151 2094 1157 2112 :
1184 2081 1389 2121 imploratam
1410 2080 1477 2118 Σύχ
1493 2088 1500 2109 2

172 2132 354 2171 implorans
370 2131 399 2162 ⁶,-
562 2139 603 2169 24
629 2129 798 2160 fortissimi
816 2139 882 2159 om.
901 2139 918 2158 s
1081 2136 1121 2166 25
1147 2130 1181 2157 et
1199 2124 1416 2157 fortissimum
1432 2133 1497 2154 om.

170 2174 276 2206 Paris.
301 2176 403 2205 16228
