1716 2662
91 462 107 493 5

72 787 109 810 10

70 1438 107 1459 20

436 74 544 111 PRO
577 75 622 110 A.
655 73 906 111 CAECINA
939 72 1155 109 ORATIO
1407 81 1461 119 30
1483 75 1525 108 86

131 199 394 236 cognoscere;
440 199 520 224 non
555 183 660 223 enirn
696 183 735 222 id
769 196 855 221 sum
889 182 1064 221 dicturus
1100 184 1208 233 quod
1243 196 1315 232 ego
1351 183 1455 220 inve-

130 251 266 298 nerim,
289 252 359 289 sed
384 251 493 301 quod
520 250 606 288 illos
631 262 710 287 non
732 247 881 298 fugerit.
942 249 1045 287 Curn
1073 248 1123 286 de
1144 247 1180 286 vi
1202 247 1456 293 interdicitur,

129 318 211 355 duo
242 330 385 367 genera
413 329 618 355 causarum
658 328 742 353 esse
778 313 1057 363 intellegebant
1085 314 1137 352 ad
1166 326 1267 363 quae
1297 312 1457 352 interdi-

130 389 237 419 ctum
259 380 480 431 pertineret,
497 393 631 426 unum,
656 379 685 416 si
708 378 774 429 qui
797 392 848 417 ex
869 392 916 416 eo
938 379 1025 416 loco
1046 377 1113 416 ubi
1135 378 1269 416 fuisset
1289 390 1330 416 se
1351 376 1456 416 deie-

129 453 237 484 ctum
269 445 432 493 diceret,
456 447 637 491 alterum,
665 443 695 481 si
727 443 794 494 qui
826 444 880 482 ab
911 456 958 481 eo
990 444 1078 481 loco
1109 456 1189 493 quo
1218 442 1390 490 veniret3
1420 450 1458 481 et

129 511 269 549 horum
290 518 500 560 utrumque
521 523 650 560 neque
671 516 871 559 praeterea
887 507 1098 558 quiequam
1116 515 1245 558 potest
1265 506 1455 555 accidere,

129 583 432 626 recuperatores.
507 576 555 613 Id
593 575 694 612 adeo
735 573 789 611 sic
829 572 1088 611 considerate.
1143 572 1183 611 Si
1222 571 1289 622 qui
1328 585 1456 610 meam

128 641 313 679 familiam
335 642 386 680 de
408 654 496 679 meo
517 640 642 678 fundo
669 638 864 685 deiecerit,
887 652 938 676 ex
964 652 1003 676 eo
1033 651 1087 675 me
1114 639 1187 676 loco
1206 639 1375 676 deiecerit
1386 652 1397 685 ‚-
1426 636 1457 675 si

128 706 195 758 qui
217 706 313 745 mihi
333 714 488 757 praesto
509 704 623 743 fuerit
645 718 735 742 cuin
757 702 914 742 armatis
945 702 1174 741 horninibus
1195 710 1301 741 extra
1322 715 1454 741 meum

129 773 298 811 fundum
321 780 360 811 et
390 785 454 810 me
484 770 642 808 introire
664 768 917 820 prohibuerit,
942 783 1023 808 non
1053 782 1103 806 ex
1133 782 1190 815 eo,
1224 769 1293 807 sed
1323 769 1379 806 ab
1409 781 1457 806 eo

128 839 216 876 loco
258 850 320 875 nie
358 835 555 875 deiecerit.
628 835 693 873 Ad
728 836 824 872 haec
863 835 943 872 duo
981 847 1124 884 genera
1165 847 1292 872 rerum
1332 847 1455 871 unum

128 903 292 942 verbum
323 903 431 952 quod
461 900 553 940 satis
581 901 795 940 declararet
828 907 1012 950 utrasque
1038 913 1098 938 res
1129 899 1373 946 invenerunt,
1400 905 1456 945 ut,

127 967 208 1006 sive
246 981 292 1006 ex
331 968 455 1005 fundo
494 966 574 1004 sive
612 979 635 1003 a
674 966 798 1004 fundo
837 964 1014 1004 deiectus
1049 978 1186 1011 essem,
1224 978 1304 1003 uno
1337 972 1457 1015 atque

127 1035 269 1072 eodem
309 1031 518 1071 interdicto
558 1030 780 1070 restituerer
821 1033 973 1068 ‘VNDE
1007 1031 1088 1068 TV!
1161 1031 1254 1069 Hoc
1293 1029 1456 1068 verbum

131 1099 304 1137 ‘VNDE'
333 1104 543 1146 utrumque
573 1097 755 1143 declarat,
779 1102 817 1133 et
843 1109 889 1134 ex
914 1109 993 1145 quo
1020 1096 1109 1134 loco
1137 1102 1175 1133 et
1201 1108 1224 1132 a
1254 1108 1333 1144 quo
1354 1096 1453 1134 loco.

126 1165 243 1202 Vnde
283 1162 458 1201 deiectus
498 1169 556 1200 est
595 1160 754 1201 Cinna?
813 1163 871 1199 Ex
902 1161 1009 1199 urbe.
1069 1161 1187 1199 Vnde
1219 1160 1456 1199 Telesinus?

128 1230 193 1268 Ab
226 1230 335 1267 urbe.
394 1228 512 1266 Vnde
540 1226 682 1266 deiecti
714 1226 846 1265 Galli?
902 1228 939 1264 A
971 1225 1179 1276 Capitolio.
1239 1227 1357 1265 Vnde
1387 1225 1454 1276 qui

127 1308 217 1332 cum
242 1295 425 1333 Graccho
446 1294 635 1331 fuerunt?
693 1293 752 1330 Ex
783 1291 990 1342 Capitolio.
1051 1290 1204 1329 Videtis
1236 1290 1349 1341 igitur
1378 1292 1455 1329 hoc

127 1373 207 1397 uno
227 1359 347 1396 verbo
372 1359 543 1395 ‘VNDE’
567 1356 773 1407 significari
796 1370 854 1394 res
877 1357 985 1403 duas,
1010 1363 1047 1394 et
1068 1370 1114 1394 ex
1142 1369 1221 1405 quo
1248 1364 1286 1394 et
1312 1370 1335 1394 a
1362 1370 1452 1406 quo.

129 1426 230 1463 Cum
251 1432 383 1462 autern
406 1437 453 1462 eo
474 1422 623 1461 restitui
652 1422 769 1468 iubet,
795 1421 847 1459 ita
868 1421 976 1460 iubet
997 1428 1050 1468 ut,
1081 1421 1111 1459 si
1133 1422 1234 1460 Galli
1255 1435 1278 1459 a
1300 1421 1444 1459 maiori·

127 1490 200 1528 bus
238 1488 379 1528 nostris
415 1489 655 1538 postularent
690 1494 732 1524 ut
766 1500 813 1525 eo
845 1486 1138 1525 restituerentur
1172 1487 1278 1525 unde
1312 1485 1455 1525 deiecti

127 1561 267 1600 essent,
292 1561 329 1591 et
358 1552 489 1602 aliqua
515 1551 551 1589 vi
579 1553 655 1589 hoc
683 1550 847 1600 adsequi
878 1558 1049 1601 possent,
1081 1564 1172 1596 non,
1205 1550 1354 1600 opinor,
1387 1564 1455 1589 eos

126 1618 166 1656 in
197 1618 423 1656 cuniculum
445 1631 523 1667 qua
542 1616 714 1666 adgressi
735 1624 844 1655 erant
873 1617 943 1655 sed
968 1616 1007 1654 in
1036 1615 1275 1666 Capitolium
1306 1613 1454 1654 restitui

127 1691 333 1734 oporteret.
415 1684 508 1721 Hoc
548 1681 653 1720 enim
694 1680 953 1731 intellegitur:
1002 1692 1133 1718 VNDE
1190 1691 1452 1727 DEIEcrsrr,

128 1748 208 1787 sive
237 1763 283 1787 ex
313 1762 392 1798 quo
418 1749 506 1786 loco
535 1746 615 1785 sive
644 1760 666 1784 a
691 1760 770 1796 quo
801 1747 900 1792 loco,
935 1758 991 1784 Eo
1025 1756 1301 1784 RESTITVAS.
1361 1746 1455 1784 Hoc

126 1813 203 1852 iarn
225 1813 390 1864 simplex
411 1821 479 1860 est,
503 1812 543 1850 in
576 1826 665 1851 eum
688 1814 819 1850 locum
842 1811 1044 1850 restituas:
1076 1811 1157 1849 sive
1187 1824 1233 1849 ex
1261 1812 1337 1850 hoc
1365 1812 1454 1849 loco

126 1879 316 1927 deiecisti,
336 1879 495 1918 restitue
519 1877 559 1916 in
585 1879 691 1916 hunc
721 1879 863 1923 locum,
889 1877 967 1915 sive
991 1878 1042 1916 ab
1066 1878 1143 1915 hoc
1172 1877 1271 1923 loco,
1295 1876 1454 1915 restitue

126 1943 166 1982 in
194 1958 284 1983 eum
309 1946 452 1991 locum,
484 1956 563 1982 non
597 1956 643 1981 ex
674 1955 764 1992 quo,
799 1942 869 1980 sed
900 1956 923 1980 a
957 1955 1036 1991 quo
1065 1940 1241 1980 deiectus
1273 1947 1342 1980 est.
1401 1942 1455 1979 Vt

171 2058 233 2086 4›-5
259 2047 310 2077 ubi
331 2046 447 2077 fuisset
468 2056 504 2076 se
527 2046 694 2076 deiectum
719 2045 857 2083 diceret,
877 2044 1019 2076 alterurn
1038 2046 1066 2076 si
1086 2045 1141 2084 qui
1158 2044 1200 2075 ab
1217 2055 1257 2075 eo
1280 2043 1355 2075 loco
1377 2041 1455 2075 TE:

128 2091 160 2122 in
179 2102 244 2130 quo
262 2095 353 2121 essct
372 2090 403 2119 vi
430 2090 629 2128 deiceretur,
650 2089 792 2119 alterum
810 2089 837 2118 si
857 2089 898 2119 ab
921 2099 962 2118 eo
986 2090 1058 2119 loco
1076 2089 1096 2118 k
1114 2100 1120 2119 :
1151 2099 1218 2119 om.
1237 2091 1300 2118 ccli.
1436 2097 1454 2126 7

128 2135 175 2165 sic
198 2134 244 2164 T:
268 2134 294 2164 si
312 2133 359 2164 E:
384 2134 411 2163 si
431 2132 539 2173 placet
557 2136 622 2162 cett.
734 2132 754 2162 8
780 2132 939 2162 deiecerit
956 2133 1005 2164 (ἴε
1030 2132 1195 2171 delegerit
1212 2135 1276 2161 cell.
1351 2140 1394 2160 ex
1414 2140 1455 2161 eo

129 2189 182 2208 me
202 2178 289 2217 (loco
306 2176 382 2208 add.
399 2176 591 2216 Naugerius
611 2176 639 2213 1)
659 2175 819 2206 deiecerit
836 2175 867 2213 k,
884 2175 1051 2216 Angelius
1067 2187 1073 2205 :
1102 2186 1168 2206 om.
1187 2179 1250 2206 cett.
1358 2183 1395 2212 15
1421 2178 1456 2204 et

129 2221 187 2261 cx]
207 2232 249 2251 ex
268 2220 296 2251 T
392 2222 430 2250 16
454 2220 563 2250 Cinna
586 2219 643 2249 TE
660 2231 666 2249 :
693 2219 822 2249 Cecina
838 2222 904 2250 cett.
979 2219 1158 2250 Telesinus
1176 2219 1320 2249 Bat'tere
1339 2216 1456 2247 Velleio

130 2265 162 2295 ii.
182 2275 239 2302 27:
264 2263 383 2294 deiecti
405 2264 500 2294 sinus
518 2264 562 2295 T:
590 2263 741 2293 deiecisti
757 2266 822 2292 cell.
905 2272 943 2301 19
960 2264 1048 2293 unde
1067 2261 1159 2293 TEe:
1183 2272 1247 2293 ont.
1261 2264 1326 2292 cett.
1371 2261 1456 2291 duas

130 2317 184 2338 res
200 2307 228 2337 T
271 2318 289 2338 a
304 2318 367 2347 quo
386 2307 414 2338 T
428 2318 435 2338 ε
459 2318 477 2337 a
488 2317 555 2346 quo
569 2306 642 2337 loco
659 2306 689 2336 vi
705 2307 771 2346 1ζ-νῐ.
785 2304 874 2344 EM)
890 2310 953 2337 cell.
1031 2316 1075 2338 20
1090 2306 1136 2337 uti
1151 2306 1177 2336 si
1198 2303 1230 2336 T
1293 2313 1334 2344 23
1351 2313 1419 2345 quo
1434 2303 1457 2334 k

129 2352 236 2382 26-28
255 2351 412 2382 restituas
430 2374 438 2382 .
455 2374 482 2383 ..
500 2350 533 2381 in
551 2360 626 2381 eum
644 2349 752 2381 locum
770 2360 836 2382 om.
857 2350 887 2383 T
964 2351 1006 2382 28
1030 2353 1082 2382 est
1099 2348 1207 2382 TEG‘:
1226 2358 1292 2381 om.
1306 2351 1372 2380 cett.

1480 575 1519 614 87

1477 1295 1516 1326 88
