1716 2662
68 481 86 513 5

52 808 92 831 10

58 1465 97 1489 20

60 2114 100 2145 30

354 99 427 135 DE
460 98 606 135 LEGE
636 98 893 135 AGRARIA
925 98 1141 136 ORATIO
1174 99 1190 135 I
1409 109 1434 146 5
1460 115 1494 148 ¹5

107 208 199 247 Non
222 207 320 247 licet.
382 208 597 259 Exigetur?
644 210 772 247 Vetat.
831 210 978 247 Verum
996 217 1105 255 est03
1134 207 1231 247 nihil
1247 216 1304 248 est
1325 210 1433 259 quod

108 287 187 312 non
225 273 303 312 emi
342 273 475 324 possit,
511 273 543 312 si
581 281 732 313 tantum
772 275 842 312 des
880 281 1072 324 quantum
1112 273 1205 312 velit
1242 273 1432 313 venditor.

107 337 329 388 Spoliemus
349 339 484 378 orbem
506 346 704 386 terrarum,
720 340 937 378 vendamus
954 338 1166 389 vectigalia,
1186 339 1434 377 effundamus

106 403 306 450 aerarium,
330 412 372 442 ut
401 404 648 455 locupletatis
677 412 745 442 aut
775 404 945 443 invidiae
973 412 1040 442 aut
1071 403 1315 454 pestilentiae
1350 417 1436 453 pos-

107 468 322 508 sessoribus
343 468 423 518 agri
443 477 573 507 tamen
596 478 785 508 emantur.

173 533 282 583 Quid
303 536 415 572 tum?
445 548 545 585 quae
567 534 635 572 erit
658 534 695 572 in
718 534 812 573 istos
833 548 944 584 agros
972 534 1174 583 deductio,
1194 549 1295 586 quae
1317 534 1435 573 totius
1462 533 1498 564 ¹6

108 598 160 638 rei
182 598 279 637 ratio
299 607 417 649 atque
438 599 682 650 descriptio?
724 601 1027 647 ‘Deducentur‚'
1050 599 1186 650 inquit,
1213 599 1436 639 ‘coloniae.’

110 665 248 713 Quot?
276 678 443 714 quorum
465 663 705 703 hominum?
733 664 772 702 in
802 679 902 715 quae
930 666 1046 703 loca?
1103 664 1203 713 Quis
1223 663 1328 703 enim
1357 677 1437 702 non

110 729 215 768 videt
236 729 274 767 in
296 729 460 768 coloniis
482 744 566 768 esse
588 731 685 768 haec
706 730 839 768 omnia
861 730 1180 769 consideranda?
1235 729 1327 768 Tibi
1353 743 1437 776 nos,

114 796 240 841 Rulle,
272 802 309 833 et
339 794 420 833 istis
453 794 528 833 tuis
560 796 697 834 harum
728 794 907 834 omnium
943 809 1070 834 rerum
1104 794 1440 834 machinatoribus

111 868 233 899 totam
268 860 421 898 Italiam
456 859 646 898 inermem
683 860 891 899 tradituros
922 859 1161 907 existimasti,
1185 873 1303 910 quam
1334 873 1441 910 prac-

111 925 220 964 sidiis
259 925 552 972 confirmaretis,
587 926 753 965 coloniis
793 926 1051 976 occuparetis,
1083 925 1268 964 omnibus
1303 924 1441 963 vinclis

112 990 334 1029 devinctam
365 999 403 1029 et
430 990 681 1030 constrictam
708 991 921 1030 teneretis?
976 990 1056 1029 Vbi
1084 991 1189 1030 enim
1215 998 1372 1029 cavetur
1392 1004 1442 1028 ne

114 1056 152 1094 in
175 1055 352 1094 Ianiculo
373 1056 569 1095 coloniam
598 1056 854 1104 constituatis,
878 1071 928 1095 ne
955 1057 1092 1096 urbem
1121 1057 1223 1095 hanc
1243 1056 1339 1094 urbe
1368 1054 1444 1093 alia

113 1135 288 1172 premere
327 1130 445 1172 atque
484 1136 619 1172 urgere
653 1122 842 1173 possitis?
901 1124 1016 1162 ‘Non
1055 1122 1268 1169 faciemus‚’
1304 1121 1439 1172 inquit.

116 1186 288 1225 Primum
323 1187 467 1234 nescio,
501 1187 647 1226 deinde
679 1187 810 1235 timeo,
845 1196 1045 1238 postremo
1076 1201 1158 1226 non
1197 1186 1442 1226 committam

114 1259 155 1290 ut
184 1260 311 1291 vestro
342 1252 536 1291 beneficio
566 1252 696 1303 potius
726 1267 845 1304 quam
876 1261 1010 1292 nostro
1040 1252 1205 1291 consilio
1236 1251 1331 1291 salvi
1357 1265 1443 1290 esse

114 1317 319 1369 possimus.
380 1319 501 1367 Quod
528 1332 618 1358 vero
646 1326 769 1358 totam
801 1318 956 1357 Italiam
984 1317 1120 1356 vestris
1147 1316 1312 1356 coloniis
1339 1330 1444 1356 com-

114 1384 219 1434 plere
253 1381 440 1430 voluistis,
475 1382 514 1422 id
552 1383 663 1422 cuius
696 1383 804 1423 modi
837 1391 939 1423 esset
974 1382 1228 1422 neminemne
1265 1389 1443 1421 nostrum

116 1448 403 1487 intellecturum
437 1447 756 1487 existimavistis?
813 1449 1009 1499 Scriptum
1042 1456 1100 1487 est
1135 1448 1265 1487 enim:
1298 1449 1446 1496 ‘QVAE

118 1526 160 1552 ix
177 1525 396 1552 MVMC11²1A
411 1526 597 1559 stsQOE
614 1526 656 1551 ιλ·
674 1525 880 1553 COLONlAs
901 1526 1018 1552 xvim
1037 1526 1201 1560 VEL1NT,
1219 1524 1445 1552 DEDVCANT

116 1591 303 1618 COLoxos
332 1591 434 1623 Qx'os
457 1591 610 1617 VELINT
636 1591 687 1617 ΕΤ
713 1591 775 1618 ms
800 1591 933 1618 AGROS
961 1591 1203 1618 ADSIGNENT
1223 1591 1369 1624 vavs
1401 1590 1444 1616 ΙΝ

119 1657 232 1684 Locis
262 1646 515 1692 x'nLlN'1'‚'11t‚
536 1658 626 1683 cum
658 1652 780 1683 totam
814 1644 968 1683 Italiam
1001 1644 1190 1684 militibus
1219 1644 1298 1683 suis
1333 1658 1446 1683 occu-

118 1709 253 1762 parint,
292 1709 405 1748 nobis
438 1724 517 1748 non
553 1711 675 1748 modo
709 1708 910 1760 dignitatis
950 1709 1188 1757 retinendae,
1222 1723 1357 1748 verum
1397 1723 1447 1747 ne

80 1774 304 1823 glibertatis
339 1775 500 1826 quidem
539 1776 830 1826 recuperandae
869 1788 957 1825 spes
993 1774 1242 1825 relinquatur.
1315 1776 1447 1825 Atque

1469 1360 1506 1392 17

117 1842 214 1880 haec
243 1855 265 1879 a
296 1854 358 1879 me
388 1840 678 1891 suspicionibus
706 1848 744 1879 et
771 1840 997 1879 coniectura
1027 1847 1300 1890 coarguuntur.
1362 1840 1446 1877 Iam
1470 1843 1508 1875 18

116 1906 245 1945 omnis
284 1906 461 1945 omnium
501 1907 656 1945 tolletur
694 1920 808 1953 error,
844 1905 920 1944 iam
960 1913 1093 1956 aperte
1130 1905 1341 1944 ostendent
1375 1903 1448 1942 sibi

117 1986 262 2012 nomen
285 1971 400 2011 huius
417 1972 467 2011 rei
487 1972 678 2022 publicae,
695 1973 829 2011 sedem
847 1971 953 2010 urbis
975 1979 1093 2021 atque
1113 1969 1261 2021 imperi,
1278 1969 1450 2019 denique

118 2038 194 2077 hoc
214 2040 404 2089 templum
434 2038 540 2077 Iovis
567 2037 717 2089 Optimi
746 2037 909 2076 Maximi
937 2044 1057 2087 atque
1085 2037 1186 2075 hanc
1214 2049 1343 2074 arcem
1371 2048 1452 2073 om-

120 2102 227 2142 nium
249 2102 424 2153 gentium
453 2102 668 2154 displicere.
729 2104 909 2153 Capuam
940 2101 1085 2141 deduci
1115 2102 1279 2139 colonos
1302 2101 1452 2147 volunt,

161 2206 181 2236 8
205 2212 284 2246 quot
304 2204 547 2237 Lamvdauns:
571 2215 638 2245 quo
656 2203 744 2235 codd.
857 2214 893 2234 12
918 2201 1061 2233 vinculis
1077 2213 1117 2241 εχ
1223 2211 1260 2240 13
1285 2200 1449 2231 devictam

119 2249 197 2288 ι’)[μ
331 2250 368 2280 18
393 2249 469 2288 quid
488 2248 576 2280 codd.
594 2260 601 2279 z
625 2259 705 2279 corr.
724 2246 770 2277 cd.
794 2247 825 2276 V
954 2246 1082 2277 colonis
1099 2244 1276 2275 Manutius
1410 2254 1451 2273 20

119 2293 373 2324 existimavistis
391 2292 456 2323 Ec:
481 2291 701 2324 existimastis
720 2290 811 2326 Mus*
827 2303 832 2320 :
857 2290 1058 2321 existimatis
1074 2289 1111 2319 N
1250 2300 1288 2327 24
1314 2287 1410 2318 vobis
1430 2296 1451 2316 n

120 2346 234 2366 verum
249 2336 297 2366 E:
321 2337 380 2367 scd
399 2340 464 2366 cctl.
568 2336 610 2366 26
632 2335 715 2365 haec
732 2344 798 2363 om.
812 2334 844 2364 E
920 2333 1166 2374 coarguuntur]
1184 2342 1250 2363 non
1265 2335 1452 2369 arguentur

119 2378 151 2411 E
237 2381 278 2410 28
302 2380 402 2411 sedes
418 2379 466 2410 Ec
553 2389 595 2419 29
617 2377 746 2418 optumi
763 2376 817 2408 cM
905 2376 1053 2408 maxumi
1072 2375 1112 2406 M
1196 2386 1239 2415 30
1263 2374 1405 2406 coloniis
1421 2373 1454 2405 E
