1716 2662
396 70 470 107 DE
502 70 648 107 LEGE
680 70 936 108 AGRARIA
967 70 1185 109 ORATIO
1218 71 1259 108 11
1439 80 1492 117 34
1513 87 1552 119 92

165 181 329 220 modurn
352 181 423 230 ipsi
445 180 718 231 loquebantur,
746 180 1035 231 ‘praetoribus‚'
1056 187 1098 219 ut
1119 180 1352 232 intellegatis
1373 194 1494 231 quan-

164 251 243 283 tam
265 245 374 283 locus
396 244 478 295 ipse
497 246 647 291 adferat
668 244 903 296 superbiam,
919 259 1020 296 quae
1041 246 1176 296 paucis
1192 246 1333 285 diebus
1349 245 1494 297 quibus

164 309 231 349 illo
269 309 425 349 colonia
463 311 635 350 deducta
673 318 731 351 est
770 311 938 362 perspici
977 319 1095 362 atque
1141 311 1313 362 intellegi
1352 311 1491 362 potuit.

165 376 270 413 Nam
298 374 478 426 primum,
506 375 547 415 id
574 377 684 426 quod
713 376 803 424 dixi,
831 390 922 415 cum
955 376 1092 415 ceteris
1122 376 1162 415 in
1194 376 1360 416 coloniis
1392 375 1495 415 uviri
1514 386 1557 420 93

128 442 419 491 5appellentur,
458 440 498 479 hi
537 455 578 480 se
616 449 814 492 praetores
853 442 1038 493 appellari
1079 442 1276 481 volebant.
1336 441 1494 491 Quibus

164 505 312 557 primus
332 520 459 545 annus
480 507 582 545 hanc
603 507 859 558 cupiditatem
880 508 1084 555 attulisset,
1103 521 1237 547 nonne
1252 507 1495 546 arbitramini

164 570 298 621 paucis
319 573 431 610 annis
453 571 571 611 fuisse
599 573 807 611 consulum
833 586 980 611 nomen
1006 572 1278 623 appetituros?
1336 572 1493 612 Deinde

163 636 367 676 anteibant
394 636 548 676 lictores
576 650 657 675 non
683 651 775 676 curn
805 637 965 684 bacillis,
990 638 1072 685 sed,
1097 644 1137 676 ut
1165 637 1229 676 hic
1250 638 1494 688 praetoribus

165 701 323 741 urbanis
344 709 542 749 anteeunt,
561 716 651 741 cum
674 702 845 742 fascibus
866 702 959 742 bini.
1011 704 1133 741 Erant
1155 702 1307 742 hostiae
1327 702 1494 742 maiores

108 766 205 808 10in
232 769 316 807 foro
349 767 595 815 constitutae,
629 782 730 818 quae
763 769 814 807 ab
842 768 902 807 his
937 768 1180 819 praetoribus
1212 769 1262 808 de
1297 768 1495 817 tribunali,

165 832 265 872 sicut
295 847 318 872 a
345 833 459 872 nobis
486 833 726 880 consulibus,
755 834 806 872 de
835 833 975 873 consili
1005 833 1199 873 sententia
1226 833 1414 884 probatae
1444 835 1495 874 ad

164 912 400 950 praeconem
426 906 464 938 et
490 900 542 938 ad
569 898 772 938 tibicinem
804 898 1120 938 immolabantur.
1183 898 1340 938 Deinde
1366 906 1495 950 patres

164 963 375 1016 conscripti
406 965 658 1004 vocabantur.
720 966 806 1003 Iam
844 979 936 1004 vero
974 967 1125 1004 voltum
1164 964 1331 1005 Considi
1363 964 1495 1004 videre

165 1031 370 1070 ferendum
391 1031 454 1068 vix
473 1037 565 1069 erat.
623 1031 755 1079 Quem
776 1030 980 1069 hominem
1004 1029 1212 1081 ‘vegrandi
1240 1029 1365 1069 macie
1390 1028 1496 1069 torri-

108 1110 146 1143 15
167 1096 285 1134 dum'
324 1096 478 1134 Romae
526 1102 814 1145 contemptum,
856 1094 1056 1134 abiectum
1099 1094 1343 1143 videbamus,
1389 1096 1496 1134 hunc

166 1161 329 1211 Capuae
357 1161 564 1211 Campano
591 1159 747 1199 fastidio
774 1174 820 1199 ac
849 1159 955 1211 regio
983 1159 1120 1210 spiritu
1147 1174 1239 1199 cum
1260 1159 1492 1207 videremus,

166 1225 343 1265 Blossios
370 1224 466 1264 mihi
494 1224 656 1264 videbar
683 1224 770 1264 illos
798 1225 930 1263 videre
959 1238 1006 1263 ac
1033 1224 1235 1264 Vibellios.
1298 1226 1382 1263 Iam
1404 1238 1495 1264 vero
1515 1235 1559 1268 94

166 1291 233 1341 qui
251 1298 377 1330 metus
395 1297 475 1329 erat
493 1290 755 1329 tunicatorum
774 1289 928 1328 illorum
947 1292 954 1328 Ι
984 1297 1023 1329 et
1039 1289 1078 1328 in
1095 1290 1251 1329 Albana
1267 1297 1305 1329 et
1321 1291 1497 1340 Seplasia

167 1371 270 1408 quae
291 1356 539 1396 concursatio
570 1355 886 1407 percontantium
908 1354 1004 1406 quid
1035 1362 1189 1406 praetor
1209 1355 1404 1403 edixisset,
1428 1354 1497 1393 ubi

109 1440 147 1462 20
166 1430 334 1470 cenaret,
371 1435 450 1473 quo
484 1420 778 1461 denuntiasset!
838 1423 921 1460 Nos
955 1428 1098 1468 autern,
1136 1422 1228 1459 hinc
1264 1422 1395 1459 Roma
1429 1420 1496 1471 qui

166 1501 408 1535 veneramus,
432 1487 509 1526 iam
537 1501 618 1526 non
646 1486 832 1538 hospites,
856 1488 926 1526 sed
953 1485 1145 1537 peregrini
1172 1494 1290 1536 atque
1319 1487 1497 1525 advenae

168 1553 480 1592 nominabamur.
541 1554 655 1591 Haec
694 1553 761 1603 qui
806 1552 1088 1602 prospexerint,
1128 1550 1293 1590 maiores
1342 1558 1496 1589 nostros
1516 1535 1567 1575 35

167 1618 268 1666 dico,
304 1617 488 1667 Quirites,
523 1631 603 1655 non
639 1630 706 1656 eos
741 1616 780 1654 in
815 1617 979 1655 deorum
1016 1615 1295 1655 immortalium
1331 1629 1496 1655 nurnero
1515 1596 1558 1630 95

169 1684 411 1722 venerandos
450 1695 474 1720 a
512 1681 626 1720 nobis
666 1689 704 1721 et
752 1682 942 1721 colendos
991 1680 1165 1732 putatis?
1236 1680 1345 1730 Quid
1390 1682 1496 1719 enim

108 1765 148 1798 ²5
167 1749 377 1787 viderunt?
434 1749 526 1786 Hoc
561 1747 669 1797 quod
704 1759 809 1785 nunc
838 1760 921 1795 vos,
951 1759 1109 1797 quaeSO‚
1141 1745 1348 1797 perspicite
1376 1754 1496 1797 atque

167 1812 402 1864 cognoscite.
475 1814 568 1851 Non
607 1811 882 1863 ingenerantur
921 1811 1149 1851 hominibus
1188 1825 1316 1851 mores
1355 1818 1434 1850 tam
1473 1826 1497 1851 a

211 1935 231 1963 3
255 1928 306 1954 est
327 1922 538 1963 PVcsenbcrg:
568 1923 610 1953 sit
626 1921 677 1953 E:
711 1922 778 1953 sint
795 1921 866 1954 eN:
903 1921 963 1953 fuit
979 1925 1044 1953 cell.
1194 1932 1213 1960 4
1238 1921 1328 1953 uviri
1346 1920 1494 1962 Zumpt:

169 1967 331 1998 duumviri
350 1966 437 1998 codd.
556 1976 575 2005 5
599 1976 635 1997 se
654 1965 846 2006 praetores]
865 1971 1020 2005 septores
1037 1964 1155 2005 Μμχέ
1272 1967 1293 1995 6
1316 1975 1389 1996 cum
1407 1966 1494 1997 hanc

167 2010 252 2041 E²en
385 2012 405 2041 8
429 2009 553 2041 baculis
569 2009 602 2039 E
741 2021 762 2050 9
787 2010 924 2040 urbanis
941 2009 988 2039 Ee
1005 2020 1011 2039 :
1036 2020 1099 2040 om.
1120 2013 1187 2039 cell.
1280 2009 1424 2040 fascibus
1439 2008 1495 2039 E:

169 2055 297 2086 facibus
317 2057 381 2084 cell.
484 2053 552 2084 bini
578 2052 726 2094 Zumpt:
759 2053 886 2084 duabus
910 2052 997 2084 codd.
1019 2063 1025 2082 τ
1061 2052 1192 2083 duobus
1215 2051 1261 2083 ed.
1288 2053 1322 2083 R
1456 2062 1493 2083 11

168 2097 318 2138 probatis
334 2096 422 2128 codd.
444 2108 450 2127 :
482 2107 560 2128 corr.
582 2097 802 2128 Laurcdamrs
939 2106 975 2126 12
1001 2096 1076 2126 dein
1095 2096 1158 2132 Μμ
1300 2105 1338 2135 13
1363 2096 1493 2127 consilii

169 2141 280 2173 codd.:
325 2151 403 2172 corr.
434 2140 480 2171 ed.
508 2140 541 2170 R
708 2151 745 2179 14
771 2140 948 2171 ferundum
971 2139 1060 2170 codd.
1090 2139 1164 2180 (ΕΙ)
1277 2140 1437 2178 vegrandi
1460 2140 1491 2180 k,

169 2184 392 2215 Lauredanus
409 2196 415 2215 :
440 2189 475 2215 ut
491 2185 607 2223 grandi
625 2187 689 2214 cell.
815 2185 853 2213 16
878 2182 1010 2214 fastidio
1028 2182 1160 2213 Richter
1176 2181 1227 2222 (cs.
1250 2182 1269 2213 i.
1291 2184 1347 2222 20)
1365 2193 1371 2213 ε
1397 2192 1494 2222 prae-

169 2229 254 2259 sidio
271 2227 358 2259 codd.
377 2240 383 2258 :
412 2228 595 2267 supercilio
612 2227 802 2268 Naugerius
820 2228 868 2268 N2)
1002 2236 1042 2266 19
1064 2226 1352 2266 pereunctantium
1371 2226 1493 2265 (-cunt-

170 2271 273 2311 Μωχ)
292 2270 382 2303 codd.
472 2275 608 2311 praetor
624 2271 661 2301 k:
687 2282 720 2311 p.
734 2282 757 2302 r.
778 2275 844 2302 cett.
978 2280 1019 2300 ρο
1043 2270 1132 2309 quod
1151 2269 1212 2311 (-id
1229 2270 1264 2310 le)
1283 2270 1494 2301 enuntiasset

169 2315 255 2346 codd.
276 2327 282 2346 :
306 2326 384 2347 corr.
403 2314 504 2347 Klotz
611 2315 688 2345 hinc
714 2316 824 2346 Roma
847 2313 913 2345 Ee:
948 2312 1055 2344 Roma
1081 2313 1159 2344 hinc
1182 2316 1269 2345 cem:
1302 2313 1378 2344 hinc
1402 2312 1494 2344 Bake

170 2369 206 2389 21
235 2364 301 2390 tarn
320 2358 367 2390 Ee
498 2368 538 2389 22
564 2359 800 2399 prospexerint
817 2369 831 2388 c
848 2370 853 2389 :
880 2358 1120 2397 perspexerint
1136 2361 1200 2389 cett.
