1716 2662
44 773 80 795 10

41 1427 80 1449 20

396 59 505 97 PRO
537 60 578 98 P.
609 61 891 108 QVINCTIO
922 62 1139 100 ORATIO
1400 75 1427 112 9

98 168 291 208 stituerint
313 176 365 217 ut,
389 171 454 220 qui
478 183 546 220 pro
568 170 695 220 capite
716 171 874 218 diceret,
894 171 924 208 is
942 173 1154 221 posteriore
1169 174 1256 211 loco
1271 173 1428 221 diceret,

97 247 168 272 nos
199 234 373 273 inaudita
403 235 674 273 criminatione
704 244 976 274 accusatorum
1007 237 1133 287 priore
1163 240 1251 275 lor-o
1272 251 1429 278 causam

97 299 227 338 dicere
247 299 449 350 intellegis.
508 301 587 338 Eos
608 314 724 351 porro
746 302 813 351 qui
835 302 1047 341 defendere
1067 312 1306 342 consuerunt
1323 304 1430 343 vides

98 378 294 413 accusare,
327 373 365 404 et
394 378 440 405 ea
470 365 626 416 ingenia
656 366 831 406 converti
861 369 911 406 ad
941 368 1154 418 perniciem
1187 382 1287 419 quae
1316 377 1431 408 antea

97 432 351 470 versabantur
385 432 423 469 in
459 432 584 471 salute
614 439 733 482 atque
764 432 909 471 auxilio
944 435 1118 473 ferendo.
1174 436 1278 474 Illud
1312 435 1429 474 etiam

98 496 287 535 restiterat
307 497 416 547 quod
438 497 622 536 hesterno
643 497 708 537 die
729 499 920 546 fecerunt,
940 506 981 537 ut
1003 506 1040 537 te
1062 499 1100 537 in
1125 499 1184 538 ius
1205 501 1428 549 educerent,

98 570 141 600 ut
170 561 285 600 nobis
314 570 469 612 tempus
499 575 620 613 quam
649 562 717 602 diu
739 563 959 603 diceremus
981 564 1282 614 praestitueres3
1311 579 1430 617 quam

99 641 179 666 rem
201 626 313 665 facile
333 640 354 665 a
376 635 553 678 praetore
581 628 866 678 impetrassent,
888 628 962 667 nisi
989 637 1030 668 tu
1052 631 1161 680 quod
1191 639 1291 669 esset
1319 638 1430 670 tuum

99 693 158 731 ius
179 700 217 731 et
237 692 409 731 officium
438 701 692 744 potestasque
712 693 927 733 docuisses.
986 696 1128 745 Neque
1158 696 1272 734 nobis
1299 697 1430 735 adhuc

98 765 250 808 praeter
270 765 307 796 te
328 757 536 808 quisquam
558 758 640 805 fuit,
663 758 731 797 ubi
753 766 930 798 nostrum
945 758 1003 798 ius
1023 767 1159 798 contra
1179 760 1265 799 illos
1282 761 1431 800 obtine-

99 836 240 871 remus,
277 836 406 873 neque
440 823 514 861 illis
549 836 737 874 umquam
770 824 862 862 satis
892 823 963 863 fuit
993 824 1089 863 illud
1118 825 1296 864 obtinere
1322 828 1431 877 quod

99 888 253 939 probari
285 889 469 927 omnibus
500 897 656 938 posset;
687 889 739 927 ita
771 889 856 928 sine
887 889 1025 929 iniuria
1057 890 1273 941 potentiani
1305 893 1431 932 levem

96 962 214 1003 atque
235 953 392 1004 inopem
415 967 499 992 esse
517 954 762 992 arbitrantur.

154 1020 301 1057 Verum
335 1018 523 1069 quoniam
562 1018 633 1057 tibi
668 1019 785 1057 instat
822 1019 1060 1059 Hortensius
1095 1028 1137 1059 ut
1172 1034 1236 1059 eas
1269 1021 1307 1059 in
1341 1036 1430 1061 con-

98 1083 242 1131 silium,
290 1097 313 1122 a
356 1097 418 1122 me
467 1085 639 1134 postulat
687 1098 737 1122 ne
784 1084 957 1123 dicendo
1006 1094 1161 1136 tempus
1209 1087 1426 1135 absumam,

99 1148 274 1199 queritur
328 1148 454 1199 priore
502 1157 669 1199 patrono
716 1162 875 1187 causam
924 1151 1164 1190 defendente
1212 1165 1428 1203 numquam

99 1214 267 1264 perorari
310 1213 495 1264 potuisse,
530 1227 611 1252 non
650 1214 774 1264 patiar
812 1214 926 1253 istam
966 1229 1124 1255 manere
1163 1217 1428 1267 suspicionem

99 1293 171 1317 nos
203 1292 284 1318 rem
317 1279 479 1318 iudicari
514 1280 619 1318 nolle
637 1294 647 1326 3
686 1292 817 1329 neque
855 1279 952 1319 illud
987 1280 1082 1319 mihi
1116 1282 1327 1332 adrogabo,
1365 1296 1428 1321 me

101 1358 216 1395 posse
238 1358 396 1383 causam
418 1344 668 1383 commodius
696 1346 966 1384 demonstrare
987 1359 1105 1396 quam
1127 1354 1242 1385 antea
1268 1349 1429 1387 demon-

101 1417 218 1448 strata
245 1409 303 1457 sit,
327 1423 457 1460 neque
484 1418 616 1449 tamen
647 1418 726 1448 tam
755 1411 878 1449 multa
901 1411 1019 1449 verba
1048 1411 1200 1459 faciam,
1223 1421 1429 1463 propterea

99 1476 208 1525 quod
242 1482 280 1514 et
313 1475 364 1513 ab
399 1474 465 1513 illo
497 1475 564 1525 qui
595 1483 679 1513 tum
718 1474 815 1514 dixit
854 1475 929 1513 iam
970 1475 1177 1515 informata
1215 1490 1332 1516 causa
1370 1486 1428 1517 est

99 1548 137 1578 et
174 1553 198 1578 a
235 1553 308 1587 me,
343 1540 409 1590 qui
444 1554 574 1590 neque
604 1540 824 1591 excogitare
862 1554 991 1591 neque
1025 1541 1277 1591 pronuntiare
1307 1545 1429 1582 multa

99 1619 273 1656 possum,
296 1605 464 1644 brevitas
489 1607 718 1656 postulatur,
748 1620 849 1656 quae
880 1606 1059 1645 mihimet
1089 1607 1161 1657 ipsi
1191 1608 1429 1647 amicissima

1450 80 1487 110 33

1452 708 1491 740 34

1451 1033 1496 1061 10

101 1679 186 1719 est;
225 1671 363 1710 faciam
400 1673 508 1721 quod
539 1679 577 1710 te
607 1686 724 1722 saepe
753 1672 1011 1711 animadverti
1041 1674 1179 1720 facere,
1212 1674 1426 1716 Hortensi:
1448 1685 1488 1717 35

100 1743 223 1774 totam
263 1749 404 1775 causae
439 1750 550 1775 meae
589 1737 805 1776 dictionem
845 1745 969 1776 certas
1008 1737 1047 1775 in
1086 1738 1204 1787 partis
1237 1738 1424 1778 dividam.

99 1802 162 1840 Tu
192 1801 232 1840 id
262 1815 416 1852 semper
445 1801 554 1848 facis,
579 1801 672 1851 quia
701 1815 855 1852 semper
884 1810 1007 1852 potes,
1040 1815 1112 1852 ego
1142 1803 1181 1841 in
1211 1804 1284 1842 hac
1310 1818 1427 1843 causa

100 1866 252 1913 faciam,
284 1874 490 1917 propterea
517 1867 626 1916 quod
656 1866 695 1905 in
723 1867 797 1905 hac
824 1867 959 1906 videor
989 1880 1104 1916 posse
1134 1869 1259 1907 facere
1275 1884 1285 1916 3
1318 1871 1426 1919 quod

100 1931 170 1969 tibi
198 1939 336 1970 natura
359 1933 426 1970 dat
447 1938 489 1969 ut
516 1944 670 1981 semper
694 1930 830 1982 possis,
855 1931 894 1970 id
916 1931 1010 1970 mihi
1036 1945 1154 1971 causa
1178 1934 1360 1973 concedit
1385 1941 1426 1973 ut

147 2044 161 2065 1
189 2035 216 2065 is
232 2059 240 2068 .
261 2060 267 2068 .
290 2058 296 2066 .
317 2035 443 2066 diceret
460 2045 523 2066 om.
540 2034 597 2065 ΣΙ)1
730 2044 749 2073 3
775 2034 934 2074 intelligis
947 2036 998 2067 5':
1022 2035 1211 2075 intelligitis
1230 2036 1284 2068 (22
1300 2036 1335 2067 in
1351 2037 1424 2077 lac.)

101 2081 165 2109 cett.
256 2083 504 2109 consueverunt
522 2079 578 2118 χς
708 2080 730 2109 6
753 2079 939 2110 educerent
956 2078 1011 2118 Βχ
1028 2091 1035 2110 :
1060 2080 1270 2110 adducerent
1289 2084 1353 2112 cett.
1374 2082 1424 2121 ns

104 2121 182 2153 Gall.
208 2122 251 2153 xi.
284 2122 336 2162 17)
469 2123 490 2152 8
514 2122 752 2162 impetrassent
772 2121 964 2162 Naugerius
989 2123 1066 2162 (ηε
1100 2122 1270 2161 impetrari
1298 2129 1384 2164 [sup.
1404 2125 1424 2155 l.

101 2167 245 2205 assent)
265 2175 364 2206 spero
382 2164 414 2196 Β
429 2166 463 2196 in
488 2165 545 2197 lac.
573 2165 748 2205 inexpleta:
784 2176 849 2197 om.
868 2166 918 2206 (in
943 2166 1001 2196 lac.
1027 2167 1047 2196 8
1064 2165 1123 2198 litt.
1151 2166 1190 2205 Σ)
1211 2170 1276 2198 cett.
1406 2178 1428 2206 9

103 2214 321 2248 potestasque
346 2209 387 2250 Β,
419 2208 608 2249 Naugerius
641 2209 711 2248 (1):
750 2213 923 2248 testesque
957 2213 1023 2241 cett.
1177 2220 1214 2240 12
1239 2210 1346 2249 possit
1369 2210 1426 2250 Βχ

106 2259 141 2290 17
167 2252 306 2291 patiaris
322 2251 379 2283 222¹
541 2253 578 2283 18
602 2261 714 2291 neque
731 2255 776 2282 Σ;
809 2262 873 2283 nec
895 2256 960 2284 cett.
1121 2262 1163 2283 20
1188 2253 1245 2294 sit]
1265 2259 1315 2284 est
1331 2252 1429 2284 Klotz

103 2303 139 2324 21
167 2295 253 2336 tum]
271 2301 349 2327 ante
367 2295 424 2336 By
516 2296 692 2327 informata
707 2296 772 2326 iam
791 2294 849 2336 Βχ
940 2305 980 2336 23
1006 2296 1079 2335 ipsa
1097 2299 1120 2327 Σ
1138 2299 1198 2337 (m.
1216 2306 1234 2327 2
1252 2297 1286 2328 in
1304 2301 1382 2336 νας..)
1398 2297 1425 2327 ὁ·

70 2378 73 2381 Ι
103 2339 145 2368 26
168 2341 242 2378 quia
259 2341 289 2370 id
307 2341 324 2368 Ι)
