1716 2662
108 469 124 500 5

89 795 128 818 10

471 84 581 123 PRO
612 85 655 122 L.
689 83 907 123 FLACCO
940 82 1156 122 ORATIO
1434 90 1476 129 15
1498 96 1537 128 35

146 194 324 234 monium
362 193 713 246 pertimescamus?
782 193 895 232 Idem
935 191 1203 231 laudationem
1246 205 1365 242 quam
1404 205 1476 230 nos
1497 199 1536 238 36

144 260 194 299 ab
220 259 539 300 Acmonensibus
568 261 710 298 Flacco
739 259 872 298 datam
902 257 1196 308 proferebamus
1227 258 1364 296 falsam
1393 271 1478 296 esse

145 324 312 364 dicebat.
373 324 496 364 Cuius
510 324 671 375 quidem
694 322 930 362 laudationis
955 322 1102 361 iactura
1124 323 1348 372 exoptanda
1363 322 1478 362 nobis

146 388 227 428 fuit.
301 391 404 428 Nam
437 397 479 428 ut
517 389 671 440 signum
708 387 911 439 publicum
950 388 1118 439 inspexit
1150 390 1368 439 praeclarus
1407 387 1479 426 iste

145 462 281 494 auctor
312 469 405 493 suae
431 454 610 502 civitatis,
645 456 769 493 solere
797 467 888 493 suos
919 453 1013 492 civis
1045 462 1276 504 ceterosque
1306 455 1479 493 Graecos

145 534 192 558 ex
225 527 400 571 tempore
432 521 539 571 quod
575 533 673 569 opus
709 519 757 558 sit
788 519 994 569 obsignare
1030 519 1136 558 dixit.
1196 520 1258 557 Tu
1288 533 1378 557 vero
1408 518 1478 558 tibi

145 585 291 623 habeto
319 584 432 623 istam
464 584 756 632 laudatione1n3
793 598 866 623 nec
897 584 1001 622 enim
1033 583 1345 623 Acmonensium
1377 584 1479 623 testi-

147 649 281 689 monio
303 649 432 688 Flacci
453 649 530 688 vita
557 658 595 689 et
617 650 785 701 dignitas
809 649 954 688 nititur.
1017 651 1098 688 Das
1124 649 1227 688 enim
1251 648 1345 687 mihi
1370 650 1479 699 quod

146 715 243 753 haec
281 728 399 753 causa
437 714 604 754 maxime
643 716 825 765 postulat,
869 716 1017 753 nullam
1057 714 1294 765 gravitatem,
1332 715 1479 752 nullam

147 779 420 827 constantiam,
463 782 614 819 nullum
654 782 809 819 firmum
850 779 890 818 in
933 780 1093 819 Graecis
1129 779 1356 818 hominibus
1390 792 1481 818 con-

147 844 286 891 silium,
325 847 470 883 nullam
511 845 684 897 denique
719 860 804 885 esse
845 845 1045 885 testimoni
1080 846 1210 884 fidem.
1270 844 1357 883 Nisi
1388 858 1480 883 vero

147 911 336 949 hactenus
357 910 429 949 ista
450 912 616 950 formula
637 910 835 949 testimoni
858 918 976 961 atque
999 909 1185 949 orationis
1202 917 1291 949 tuae
1311 908 1479 948 describi

146 989 191 1014 ac
223 975 408 1026 distingui
444 984 573 1026 potest
602 984 644 1015 ut
676 978 818 1015 Flacco
850 976 1004 1015 absenti
1036 975 1185 1026 aliquid
1215 975 1389 1013 civitates
1418 974 1481 1013 tri-

147 1040 279 1080 buisse
304 1041 498 1089 dicantur,
521 1042 655 1081 Laelio
685 1041 879 1092 praesenti
902 1055 971 1092 per
992 1055 1033 1080 se
1062 1040 1192 1091 agenti
1213 1040 1249 1079 vi
1270 1040 1376 1090 legis,
1399 1039 1481 1078 iure

146 1105 417 1152 accusationis,
440 1106 582 1157 opibus
607 1115 806 1158 praeterea
833 1106 912 1145 suis
941 1106 1098 1146 terrenti
1119 1120 1164 1144 ac
1193 1105 1357 1144 minanti
1383 1105 1481 1144 nihil

149 1171 334 1222 temporis
364 1185 482 1211 causa
511 1173 710 1223 scripsisse
737 1180 806 1211 aut
835 1172 1064 1223 obsignasse
1088 1171 1302 1210 videantur.
1364 1170 1481 1221 Equi·
1500 1147 1546 1225 ¹?

148 1238 240 1275 dem
279 1236 319 1275 in
358 1236 530 1276 minimis
570 1238 686 1277 rebus
729 1251 846 1288 saepe
886 1251 945 1276 res
986 1251 1146 1287 magnas
1186 1236 1276 1284 vidi,
1318 1236 1478 1283 iudices,
1528 1231 1536 1248 ¹

147 1302 391 1352 deprehendi
412 1316 458 1341 ac
479 1302 612 1349 teneri,
637 1310 678 1341 ut
700 1303 739 1341 in
760 1304 837 1342 hoc
858 1302 1105 1353 Asclepiade.
1167 1303 1280 1340 Haec
1302 1315 1403 1352 quae
1423 1308 1481 1340 est

147 1380 170 1404 a
203 1367 318 1406 nobis
350 1369 499 1418 prolata
528 1368 702 1407 laudatio
734 1367 941 1418 obsignata
970 1375 1050 1406 erat
1080 1375 1186 1406 creta
1214 1366 1279 1405 illa
1308 1367 1481 1406 Asiatica

90 1445 104 1466 2
148 1446 249 1483 quae
276 1434 354 1471 fere
375 1440 433 1471 est
462 1433 647 1472 omnibus
669 1441 763 1472 nota
789 1433 916 1480 nobis,
940 1447 1018 1483 qua
1039 1440 1202 1471 utuntur
1232 1446 1371 1472 omnes
1396 1446 1479 1472 non

148 1499 270 1536 modo
292 1497 330 1536 in
361 1498 529 1548 publicis
561 1499 631 1538 sed
662 1498 778 1537 etiam
801 1497 841 1536 in
868 1497 1026 1548 privatis
1052 1497 1187 1536 litteris
1210 1512 1306 1548 quas
1334 1497 1479 1537 cotidie

148 1562 327 1602 videmus
366 1563 467 1602 mitti
504 1577 528 1602 a
566 1563 800 1614 publicanis,
839 1577 955 1614 saepe
994 1562 1061 1601 uni
1105 1562 1248 1614 cuique
1286 1571 1475 1602 nostrum.

149 1628 291 1678 Neque
319 1627 422 1666 enim
455 1628 563 1667 testis
585 1628 667 1679 ipse
698 1629 809 1679 signo
836 1628 1016 1679 inspecto
1042 1629 1182 1666 falsum
1207 1641 1279 1667 nos
1308 1630 1479 1680 proferre

149 1692 256 1739 dixit,
293 1694 362 1733 sed
394 1693 592 1733 levitatem
628 1693 746 1733 totius
785 1693 905 1732 Asiae
939 1693 1109 1744 protulit,
1145 1695 1195 1732 de
1224 1706 1304 1744 qua
1333 1707 1406 1732 nos
1440 1701 1479 1732 ct

92 1771 128 1792 2·
150 1756 316 1797 libenter
335 1766 374 1798 et
393 1759 505 1798 facile
526 1759 793 1798 concedimus.
853 1760 998 1797 Nostra
1018 1757 1132 1809 igitur
1151 1759 1335 1805 laudatio,
1358 1771 1476 1809 quam

149 1821 213 1861 ille
242 1823 428 1874 temporis
457 1837 574 1862 causa
602 1823 717 1862 nobis
737 1825 871 1862 datam
901 1823 1007 1870 dicit,
1035 1824 1168 1862 datam
1199 1823 1360 1874 quidem
1388 1837 1478 1863 con-

149 1888 289 1934 fitetur,
321 1888 549 1938 consignata
569 1896 674 1927 creta
700 1896 783 1936 est3
812 1888 852 1926 in
873 1888 939 1926 illo
961 1896 1090 1927 autem
1114 1887 1342 1926 testimonio
1369 1889 1477 1937 quod

148 1952 365 1990 accusatori
404 1952 545 1991 dicitur
578 1954 714 1991 datum
748 1967 877 1992 ceram
917 1967 1002 1991 esse
1036 1952 1216 1991 vidimus.
1277 1952 1358 1991 Hic
1392 1966 1475 2003 ego,
1499 1961 1539 1999 38

198 2067 210 2086 1
238 2056 512 2096 pertimescamus
538 2057 583 2088 cd.
612 2058 658 2089 V:
699 2057 968 2097 pertimescimus
995 2057 1049 2097 (-i-
1068 2057 1099 2087 ιή
1131 2068 1193 2088 ras.
1227 2057 1300 2089 hah.
1330 2057 1367 2087 xi
1396 2057 1479 2086 mci:

151 2101 429 2140 pertimescemus
446 2113 463 2132 s
603 2111 622 2141 3
647 2102 839 2141 exoptanda
856 2101 899 2140 bx
915 2113 920 2131 :
957 2101 1149 2140 expetenda
1166 2112 1200 2131 c:
1236 2105 1415 2139 expectata
1434 2103 1478 2131 Σε

152 2149 310 2183 exoptata
329 2145 348 2174 le
501 2146 521 2174 8
545 2145 612 2175 vita
631 2145 738 2175 Flacci
756 2155 771 2175 c
881 2145 930 2185 et]
948 2155 985 2175 ac
1003 2144 1035 2174 R
1211 2155 1232 2183 9
1257 2143 1382 2174 nullam
1401 2153 1478 2174 con·

152 2188 309 2218 stantiam
327 2198 392 2217 om.
411 2188 490 2218 zlflk
609 2198 646 2227 13
671 2189 725 2229 ac]
744 2193 844 2227 atque
861 2188 917 2227 χ’·ἐ
1054 2198 1085 2226 14
1115 2187 1195 2218 iuris
1212 2187 1318 2218 Scltol.
1442 2197 1480 2225 19

151 2236 243 2261 creta
261 2230 355 2270 Eb¹><¹
373 2233 401 2261 et
416 2230 523 2262 Sclzol.
541 2242 547 2261 :
571 2241 648 2261 cera
665 2235 729 2263 cell.
863 2241 904 2270 23
929 2231 1034 2271 enim]
1053 2241 1134 2261 vero
1150 2231 1228 2262 coni.
1249 2230 1372 2260 Metller
1387 2241 1393 2260 :
1418 2230 1475 2260 del.

152 2272 340 2304 Mommsen
483 2276 524 2305 26
549 2275 749 2306 confitemur
766 2277 789 2306 Σ
808 2286 814 2305 :
839 2275 1044 2306 confitentur
1060 2274 1089 2304 b¹
1237 2284 1276 2313 27
1303 2273 1479 2312 obsignata

107 2347 110 2351 ,
151 2315 340 2348 Lambinus
