1747 2620
183 65 210 102 4
233 71 269 101 13
595 59 650 95 M.
683 59 850 96 TVLLI
882 60 1190 99 CICERONIS

232 169 286 215 ςΙ,
328 181 487 217 LICTOR,
523 182 706 209 CONLIGA
746 171 911 217 MANVs,'
939 185 1021 209 non
1059 172 1182 210 modo
1219 171 1336 211 huius
1366 172 1555 212 libertatis

229 234 622 285 mansuetudinisque
657 249 738 274 non
770 243 860 274 sunt
894 237 964 274 sed
998 250 1048 274 ne
1092 237 1255 275 Romuli
1293 237 1456 287 quidem
1488 246 1556 277 aut

230 299 386 337 Numae
412 299 607 349 Pompili,-
637 300 837 350 Tarquini,
862 300 1131 350 superbissimi
1153 309 1273 352 atque
1296 302 1556 341 crudelissimi

228 363 336 414 regis,
366 363 439 402 ista
465 373 556 403 sunt
587 365 781 404 cruciatus
809 365 983 404 carmina
1015 380 1117 416 quae
1146 374 1200 412 tu,
1230 368 1353 407 homo
1382 367 1480 406 lenis
1510 382 1556 406 ac

226 429 434 479 popularis,
477 429 736 469 libentissime
775 445 1086 470 commemoras:
1133 434 1297 472 ‘CAPVT
1335 445 1595 480 oqussiTO,5

225 506 380 533 ARBORI
417 497 601 535 INFELIC'I
637 498 917 544 svsPENmTQ’
952 511 1053 547 quae
1091 497 1220 545 verba,
1258 498 1445 547 Quirites,
1479 497 1557 536 iam

224 559 377 609 pridem
416 559 455 598 in
490 562 564 600 hac
603 575 643 600 re
682 561 841 612 publica
874 576 955 600 non
989 563 1118 600 solum
1150 561 1321 601 tenebris
1354 562 1557 602 vetustatis

224 638 359 663 verum
380 625 498 664 etiam
520 628 607 665 luce
628 626 816 666 libertatis
838 641 1024 678 oppressa
1044 636 1144 666 sunt.

168 674 205 765 13
277 692 342 729 An
368 705 471 739 vero,
495 691 527 730 si
555 692 659 731 actio
689 692 762 731 ista
788 693 987 744 popularis
1014 701 1116 733 esset
1141 700 1179 733 et
1203 693 1234 732 si
1264 695 1384 733 ullam
1406 702 1555 746 partem

221 756 429 807 aequitatis
457 758 618 797 haberet
648 766 716 797 aut
746 758 848 806 iuris,
883 761 926 799 C.
960 761 1162 799 Gracchus
1192 774 1280 798 eam
1308 760 1556 811 reliquisset?
1578 776 1618 799 10

222 822 379 862 Scilicet
399 823 470 862 tibi
490 824 705 874 graviorem
732 826 910 864 dolorem
931 825 1058 876 patrui
1080 825 1135 863 tui
1155 839 1259 864 mors
1279 828 1409 865 attulit
1436 841 1555 877 quam

221 889 265 928 C.
304 890 485 928 Graccho
519 890 658 939 fratris,
693 897 731 929 et
766 890 837 929 tibi
872 890 1049 929 acerbior
1083 890 1165 930 eius
1200 891 1327 942 patrui
1359 906 1463 931 mors
1497 901 1556 931 est

220 966 339 1002 quern
360 968 579 1005 numquam
597 955 727 995 vidisti
750 969 869 1006 quam
891 955 944 994 illi
969 955 1052 995 eius
1069 956 1193 994 fratris
1215 956 1375 1006 quicum
1397 971 1556 996 concor-

219 1018 380 1059 dissime
406 1020 562 1069 vixerat,
593 1029 631 1060 et
661 1021 776 1060 simili
812 1021 894 1060 iure
923 1029 965 1060 tu
1000 1021 1197 1061 ulcisceris
1226 1022 1354 1072 patrui
1388 1031 1555 1062 mortem

217 1091 337 1135 atque
389 1085 453 1125 ille
502 1095 800 1137 persequeretur
855 1087 989 1135 fratris,
1041 1086 1072 1125 si
1121 1087 1193 1126 ista
1240 1087 1389 1127 ratione
1443 1102 1555 1138 agere
1579 1103 1614 1134 15

217 1150 414 1199 voluisset,
457 1160 494 1191 et
533 1167 602 1204 par
644 1152 884 1192 desiderium
925 1153 985 1192 sui
1024 1152 1179 1204 reliquit
1218 1155 1324 1204 apud
1363 1156 1554 1205 populum

219 1216 447 1256 Romanum
493 1219 692 1258 Labienus
740 1219 822 1267 iste,
868 1227 1028 1271 patruus
1072 1227 1212 1268 vester,
1253 1219 1430 1270 quisquis
1470 1220 1552 1268 fuit,

217 1294 262 1319 ac
297 1282 355 1320 Ti.
395 1285 597 1323 Gracchus
635 1285 853 1336 reliquerat.
914 1287 979 1323 An
1015 1285 1138 1336 pietas
1179 1293 1245 1323 tua
1278 1285 1401 1324 maior
1435 1300 1554 1336 quam

223 1348 264 1386 C.
292 1348 471 1397 Gracchi,
498 1364 548 1388 an
575 1351 742 1398 animus,
772 1365 822 1389 an
854 1350 1075 1398 consilium,
1098 1365 1148 1389 an
1179 1364 1285 1401 opes,
1311 1365 1362 1389 an
1391 1351 1555 1390 auctori-

219 1419 285 1459 tas,
310 1426 360 1451 an
388 1415 642 1464 eloquentia?
676 1429 778 1466 quae
806 1415 836 1454 si
862 1415 901 1454 in
930 1415 996 1454 illo
1028 1415 1192 1454 minima
1216 1415 1389 1462 fuissent,
1422 1424 1553 1455 tamen
1575 1431 1615 1452 20

162 1494 200 1525 15
220 1491 311 1527 prae
343 1479 418 1517 tuis
450 1480 700 1520 facultatibus
735 1480 904 1520 maxima
937 1484 1212 1531 putarenturgg
1238 1482 1340 1521 Cum
1372 1495 1462 1520 vero
1494 1481 1553 1520 his

218 1542 334 1581 rebus
363 1544 548 1583 omnibus
579 1547 622 1585 C.
657 1547 858 1585 Gracchus
889 1546 1018 1585 omnis
1044 1546 1188 1594 vicerit,
1222 1554 1413 1597 quantum
1442 1548 1554 1586 inter-

218 1609 362 1646 vallum
402 1611 563 1648 tandem
603 1610 702 1650 inter
741 1618 778 1650 te
813 1619 931 1662 atque
973 1611 1083 1650 illum
1123 1611 1371 1650 interiectum
1410 1613 1554 1662 putas?

219 1674 299 1712 Sed
320 1682 533 1713 moreretur
553 1675 657 1726 prius
683 1675 935 1715 acerbissima
958 1684 1083 1715 morte
1105 1676 1259 1715 miliens
1282 1678 1325 1715 C.
1350 1678 1551 1715 Gracchus

219 1752 338 1788 quam
378 1739 416 1777 in
456 1739 539 1778 eius
578 1741 763 1780 contione
806 1742 976 1781 carnifex
1016 1741 1269 1790 consisteret3
1313 1756 1431 1792 quem
1470 1756 1551 1780 non
1573 1755 1611 1787 25

220 1805 342 1842 modo
372 1805 455 1843 foro
485 1806 555 1844 sed
585 1805 702 1844 etiam
733 1808 843 1846 caelo
874 1808 950 1846 hoc
980 1820 1025 1845 ac
1056 1806 1191 1857 spiritu
1221 1806 1422 1845 censoriae
1447 1808 1550 1857 leges

218 1876 336 1918 atque
361 1869 466 1908 urbis
488 1870 690 1910 domicilio
718 1886 847 1911 carere
869 1874 1087 1912 voluerunt.
1148 1871 1229 1910 Hic
1253 1886 1294 1910 se
1321 1873 1549 1922 popularem

218 1933 348 1973 dicere
377 1936 510 1983 audet,
545 1950 607 1975 me
640 1936 812 1976 alienum
853 1952 876 1976 a
915 1937 1137 1977 commodis
1173 1936 1320 1985 vestris,
1353 1950 1443 1975 cum
1478 1936 1549 1976 iste

267 2047 278 2067 1
309 2037 338 2077 l]
359 2042 391 2068 ct
410 2042 453 2069 Os
470 2051 475 2070 :
501 2051 567 2071 om.
591 2041 655 2081 paepk
746 2050 810 2070 non
828 2040 1015 2081 Angelius:
1039 2051 1123 2080 quae
1143 2051 1208 2070 non
1227 2038 1314 2070 codd.
1441 2051 1459 2079 4
1486 2041 1549 2071 ista

220 2081 323 2112 0²55:
354 2082 493 2114 ita-cell.
671 2085 692 2114 6
716 2084 934 2125 suspendite]
964 2084 1220 2124 suspendimino
1250 2083 1311 2114 52¹:
1349 2085 1548 2122 suspendito

221 2125 312 2155 mino
327 2137 345 2155 0
362 2137 368 2156 :
392 2128 590 2166 suspendito
607 2152 728 2159 .....
749 2139 783 2158 m
945 2129 965 2158 8
988 2133 1066 2158 sunt
1083 2128 1133 2159 ος
1150 2139 1155 2158 :
1181 2132 1259 2158 sunt
1275 2127 1311 2157 K
1326 2126 1389 2161 (vel
1404 2127 1449 2158 RQ
1469 2132 1545 2165 cell„

220 2169 257 2206 sl]
278 2172 292 2205 ,Q
313 2180 331 2198 2
490 2182 523 2210 14
552 2171 670 2202 similis
688 2172 750 2202 viri
767 2170 853 2202 codd.
875 2182 881 2201 ε
916 2182 994 2202 corr.
1014 2171 1098 2202 Beck
1254 2180 1292 2210 15
1317 2169 1373 2201 ille
1389 2175 1434 2211 p:
1459 2171 1486 2201 si
1504 2182 1547 2209 με

222 2212 276 2242 ille
294 2213 322 2243 si
340 2217 405 2245 ccll.
497 2215 524 2244 si
543 2215 665 2245 Seleia:
681 2226 686 2245 :
711 2216 761 2245 sui
779 2214 867 2246 codd.
886 2227 892 2245 τ
916 2216 966 2245 sui
985 2215 1011 2245 si
1030 2213 1218 2246 Lambinus
1324 2216 1362 2245 16
1385 2214 1548 2245 voluisset

222 2255 341 2296 sl'ptpl:
367 2258 531 2289 noluisset
548 2262 611 2289 cell.
749 2268 784 2297 17
810 2263 948 2297 patruus
972 2263 1087 2289 vester
1109 2258 1166 2290 dcl.
1191 2258 1328 2289 Ernesti
1448 2260 1485 2288 18
1509 2269 1546 2289 ae

222 2297 420 2332 Manutius:
444 2306 478 2332 ct
494 2301 582 2333 codd.
731 2312 769 2341 19
792 2302 829 2333 C.
847 2302 877 2340 k,
896 2301 1046 2342 Kayser:
1070 2313 1135 2333 om.
1156 2306 1221 2334 cett.
1365 2312 1406 2340 23
1431 2302 1545 2341 putas]

222 2353 297 2375 csse
315 2349 413 2385 putas
429 2346 459 2377 ς
598 2356 637 2384 24
664 2345 772 2377 milies
788 2345 938 2387 b²pt25b²5
954 2356 962 2376 :
987 2345 1033 2377 illi
1050 2356 1087 2377 es
1103 2349 1167 2377 cell.
1262 2346 1296 2376 C.
1315 2345 1422 2386 suppl.
1439 2345 1545 2375 Halm
