1747 2620
189 74 205 101 1
227 79 244 110 3
592 63 647 100 M.
680 62 848 99 TVLLI
881 61 1188 101 CICERONIS

224 176 298 213 hac
322 176 407 226 lege
434 174 581 226 agraria
601 188 702 225 quae
725 175 971 225 promulgata
999 181 1057 213 est
1084 173 1205 213 adimi
1235 175 1417 214 Sullanos
1440 188 1552 226 agros

223 239 416 290 vobisque
436 239 570 287 dividi,
595 247 661 278 aut
684 239 857 289 denique
880 237 1003 276 minui
1025 238 1262 289 privatorum
1285 239 1553 290 possessiones

224 313 265 343 ut
304 305 343 343 in
383 319 447 343 eas
481 318 551 344 vos
585 304 850 344 deducamini.
910 303 949 343 Si
989 305 1158 343 ostendo
1193 317 1273 342 non
1314 306 1434 344 modo
1474 319 1554 344 non

222 371 344 410 adimi
365 371 550 421 cuiquam
571 371 727 421 glebam
750 372 800 409 de
822 369 991 409 Sullanis
1011 370 1124 420 agris,
1140 371 1210 409 sed
1231 370 1348 409 etiam
1369 384 1492 421 genus
1514 370 1555 410 id

222 449 402 486 agrorum
424 443 531 474 certo
551 435 680 487 capite
707 435 801 486 legis
826 434 1169 485 impudentissime
1194 435 1416 474 confirmari
1436 443 1555 487 atque
1576 451 1592 483 5

223 501 375 550 sanciri,
394 502 425 540 si
447 503 576 541 doceo
597 502 697 552 agris
718 501 773 540 eis
795 501 863 552 qui
884 515 906 540 a
926 503 1033 540 Sulla
1058 508 1148 539 sunt
1170 500 1251 540 dati
1273 501 1327 540 sic
1348 501 1555 552 diligenter

224 569 388 606 Rullum
418 581 487 606 sua
517 569 602 619 lege
637 569 843 606 consulere
872 574 914 605 ut
945 566 1058 605 facile
1088 574 1272 617 appareat
1307 580 1394 605 eam
1428 569 1554 618 legem

224 646 303 671 non
324 647 346 672 a
367 640 584 672 vestrorum
606 634 910 671 commodorum
942 639 1119 683 patrono,
1141 633 1211 671 sed
1232 646 1254 670 a
1276 632 1388 683 Valgi
1410 645 1554 683 genero

223 712 308 737 esse
338 698 613 748 conscriptam,
637 711 731 736 num
763 697 860 748 quid
890 704 948 736 est
975 710 1126 744 causae,
1158 696 1342 746 Quirites,
1365 697 1460 748 quin
1490 698 1554 736 illa

222 763 496 802 criminatione
534 777 612 814 qua
650 763 690 802 in
729 776 793 802 me
831 763 1037 801 absentem
1077 776 1169 801 usus
1208 770 1266 801 est
1305 776 1386 801 non
1425 765 1553 802 solum
1578 782 1616 804 10

223 842 352 867 meam
387 830 458 868 sed
492 829 609 868 etiam
645 835 813 868 vestram
847 827 1091 879 diligentiam
1127 827 1457 879 prudentiamque
1491 830 1555 867 de—

223 893 424 944 spexerit?

278 960 408 1010 Caput
435 966 494 998 est
522 959 616 1010 legis
642 970 697 997 XL
722 959 772 998 de
799 972 880 1009 quo
901 972 975 1009 ego
999 960 1193 1007 consulto,
1217 959 1402 1009 Quirites,
1426 973 1555 1010 neque

222 1026 329 1074 apud
350 1038 419 1063 vos
447 1032 539 1064 ante
563 1024 637 1064 feci
666 1024 921 1071 mentionem,
954 1038 1005 1064 ne
1033 1032 1101 1064 aut
1131 1024 1309 1064 refricare
1338 1025 1553 1063 obductam

222 1090 300 1128 iam
322 1090 374 1128 rei
397 1090 579 1140 publicae
609 1089 830 1128 cicatricem
858 1089 1011 1129 viderer
1039 1098 1106 1128 aut
1135 1090 1285 1140 aliquid
1314 1090 1554 1129 alienissimo
1578 1105 1612 1137 15

223 1163 400 1206 tempore
430 1168 556 1194 novae
586 1155 842 1194 dissensionis
872 1168 1135 1203 commovere,
1164 1169 1294 1206 neque
1325 1169 1416 1195 vero
1448 1170 1554 1194 nunc

223 1222 314 1260 ideo
343 1221 556 1271 disputabo
577 1222 686 1271 quod
714 1222 821 1259 hunc
849 1228 993 1259 statum
1024 1220 1079 1260 rei
1106 1221 1287 1271 publicae
1308 1235 1389 1260 non
1412 1235 1556 1272 magno

223 1301 340 1338 opere
370 1288 668 1326 defendendum
700 1294 848 1338 putem,
881 1286 1108 1338 praesertim
1138 1287 1205 1337 qui
1236 1287 1289 1326 oti
1325 1295 1363 1326 et
1396 1301 1555 1326 concor-

222 1352 312 1391 diae
346 1360 555 1403 patronum
591 1365 654 1391 me
685 1353 725 1390 in
756 1353 863 1390 hunc
894 1365 1045 1391 annum
1075 1353 1225 1403 populo
1256 1354 1441 1391 Romano
1470 1365 1555 1402 pro-

222 1419 346 1456 fessus
377 1418 460 1465 sim,
491 1419 561 1456 sed
591 1424 633 1456 ut
664 1418 830 1456 doceam
868 1418 1030 1455 Rullum
1065 1419 1230 1468 posthac
1260 1416 1300 1455 in
1330 1417 1385 1456 eis
1415 1419 1553 1456 saltem
1575 1435 1616 1457 20

222 1491 350 1522 tacere
381 1483 497 1521 rebus
526 1483 566 1521 in
597 1482 740 1533 quibus
765 1484 815 1521 de
843 1496 884 1521 se
916 1490 955 1522 et
985 1484 1035 1522 de
1065 1482 1143 1521 suis
1172 1483 1282 1521 factis
1311 1483 1428 1522 taceri
1450 1483 1552 1522 velit.

185 1566 201 1596 5
224 1549 414 1587 Omnium
446 1551 576 1599 legum
607 1548 894 1599 iniquissimam
925 1548 1309 1599 dissimillimamque
1344 1548 1438 1599 legis
1471 1562 1556 1587 esse

222 1614 386 1653 arbitror
417 1628 504 1653 eam
537 1628 656 1664 quam
693 1616 734 1652 L.
771 1615 935 1652 Flaccus
968 1613 1135 1652 interrex
1167 1615 1218 1652 de
1246 1615 1352 1652 Sulla
1384 1613 1482 1661 tulit,
1514 1622 1555 1652 ut

223 1679 356 1718 omnia
395 1692 671 1729 quaecumque
705 1679 768 1717 ille
803 1678 958 1717 fecisset
992 1686 1122 1717 essent
1162 1686 1253 1717 rata.
1325 1680 1428 1717 Nam
1463 1692 1553 1717 curn

222 1744 359 1783 ceteris
392 1744 429 1782 in
460 1743 683 1782 civitatibus
713 1744 886 1794 tyrannis
913 1743 1098 1782 institutis
1120 1745 1224 1794 leges
1246 1757 1385 1783 omnes
1415 1744 1554 1782 exstin-
1576 1759 1614 1790 25

221 1817 389 1860 guantur
421 1817 541 1860 atque
575 1811 771 1856 tollantur,
808 1809 872 1847 hic
911 1809 963 1847 rei
1005 1809 1187 1860 publicae
1228 1818 1435 1859 tyrannum
1471 1812 1554 1860 lege

222 1875 436 1913 constituit.
499 1876 569 1913 Est
591 1875 784 1914 invidiosa
803 1876 875 1923 lex,
892 1874 1005 1913 sicuti
1023 1875 1112 1920 dixi,
1133 1888 1267 1912 verum
1286 1882 1417 1913 tamen
1436 1876 1554 1913 habet

222 1940 544 1989 excusationem3
586 1954 666 1979 non
706 1941 812 1979 enim
848 1939 1001 1979 videtur
1041 1939 1212 1978 hominis
1253 1941 1313 1978 lex
1352 1953 1448 1986 esse,
1485 1941 1554 1978 sed

183 1002 203 1031 4

270 2055 281 2074 1
310 2043 526 2084 promulgata
542 2044 585 2075 sit
603 2044 692 2076 codd.
713 2056 719 2075 :
743 2055 821 2075 corr.
843 2043 942 2073 Klotz
1033 2042 1180 2074 Sullanis
1197 2043 1328 2074 Richter
1459 2045 1480 2074 6
1503 2043 1556 2092 his

221 2087 671 2170 ssssroaldjts{efflavit-egeat&
820 2098 836 2126 7
848 2099 877 2170 9L
883 2086 1042 2169 <333152453
1059 2086 1261 2170 sdiiaixieilzljpi
1276 2142 1282 2160 ε
1314 2087 1554 2169 ΩυίτὶῗεὲὃΕΙΞζ

222 2176 301 2214 quin
328 2186 349 2206 n
505 2186 541 2214 14
566 2175 744 2206 obductam
767 2174 837 2205 Ee:
862 2174 1036 2205 abductam
1061 2178 1128 2205 cett.
1296 2184 1336 2213 19
1360 2174 1482 2213 populo
1509 2173 1550 2205 R.

224 2218 446 2250 Lanredanus
463 2230 469 2249 :
495 2229 518 2250 r.
541 2220 605 2260 (rei
622 2219 666 2259 ς’)
685 2229 715 2258 p.
736 2217 822 2249 codd.
943 2218 1118 2249 consessus
1135 2217 1223 2249 codd.
1245 2228 1250 2247 :
1276 2228 1354 2249 corr.
1374 2218 1555 2248 Alanutt'us

224 2272 265 2292 ρο
289 2261 354 2303 eis]
373 2262 471 2293 huius
489 2261 536 2292 Ee
666 2272 707 2301 23
732 2263 860 2292 interea
876 2261 924 2292 Ee
1053 2271 1092 2300 27
1117 2262 1203 2292 sicut
1221 2272 1268 2301 χιι
1357 2271 1469 2292 veram
1486 2260 1533 2291 Ee
