1716 2662
433 51 542 90 PRO
573 52 615 88 P.
648 52 929 100 QVINCTIO
962 52 1178 92 ORATIO
1445 64 1470 101 3

139 162 304 202 domum
344 161 578 209 §evocabat3
618 175 696 212 qua
727 161 766 200 in
799 175 840 202 re
873 161 926 200 ita
960 162 1126 213 diligens
1165 171 1246 202 erat
1285 163 1395 213 quasi
1434 163 1469 203 ei

139 226 207 277 qui
242 239 383 276 magna
417 226 495 265 fide
529 225 758 265 societatem
797 234 975 277 gererent
1013 227 1215 266 arbitrium
1254 241 1325 279 pro
1361 228 1469 268 socio

139 290 395 330 condemnari
430 292 610 330 solerent.
670 293 819 330 Verum
854 291 913 330 his
948 293 999 330 de
1038 293 1155 331 rebus
1190 306 1271 330 non
1307 307 1470 332 necesse

138 356 268 395 habeo
302 355 432 395 dicere
466 369 512 395 ea
545 369 646 406 quae
673 370 736 395 nie
774 358 816 395 P.
853 356 1064 406 Quinctius
1094 358 1201 410 cupit
1231 371 1471 397 commemo-

100 434 245 469 5rare3
287 420 442 460 tametsi
481 434 599 460 causa
636 423 820 472 postulat,
864 430 996 461 tamen
1037 421 1127 472 quia
1167 424 1351 473 postulat,
1388 436 1469 462 non

137 485 294 537 flagitat,
318 485 551 538 praeteribo.

191 552 293 591 Cum
323 565 448 590 annos
478 551 556 590 iam
586 552 798 603 compluris
828 551 994 591 societas
1023 559 1135 599 esset,
1165 559 1203 591 et
1232 566 1323 591 cum
1353 566 1469 603 saepe

136 625 341 667 suspectus
381 617 572 667 Quinctio
612 617 785 657 Naevius
824 617 959 657 fuisset
997 631 1127 669 neque
1166 618 1219 656 ita
1257 620 1468 658 commode

136 690 270 734 posset
298 682 490 722 rationem
520 683 685 722 reddere
717 697 850 722 earum
883 697 1010 722 rerum
1045 697 1142 733 quas
1176 682 1353 731 libidine,
1388 698 1467 722 non

80 765 118 788 10
136 747 286 786 ratione
315 755 495 798 gesserat,
529 747 691 786 moritur
719 747 759 785 in
790 747 917 787 Gallia
948 747 1169 797 Quinctius,
1193 762 1283 786 cum
1313 750 1468 786 adesset

136 812 321 860 Naevius,
351 821 389 851 et
418 812 581 851 moritur
609 812 826 863 repentino.
888 815 1091 852 Heredem
1121 820 1357 852 testamento
1386 813 1468 851 reli-

135 877 219 928 quit
240 879 345 916 hunc
368 880 408 916 P.
433 877 666 927 Quinctium
688 885 740 925 ut,
763 879 814 917 ad
836 892 954 928 quem
976 891 1152 916 summus
1174 892 1326 917 maeror
1342 886 1466 916 morte

134 956 205 982 sua
224 943 418 990 veniebat,
439 945 490 982 ad
513 944 685 982 eundem
708 957 884 982 summus
905 945 1033 982 honos
1054 957 1214 994 quoque
1234 944 1462 993 perveniret.

136 1010 229 1058 Quo
256 1016 422 1055 mortuo,
454 1022 528 1047 nec
561 1008 614 1047 ita
648 1011 773 1048 multo
804 1017 903 1060 post,
934 1008 973 1046 in
1006 1008 1173 1048 Galliam
1209 1008 1467 1059 proficiscitur

77 1092 114 1124 15
136 1073 358 1122 Quinctius,
387 1073 441 1111 ibi
471 1087 561 1112 cum
592 1074 667 1113 isto
698 1074 849 1112 Naevio
880 1074 1117 1112 familiariter
1140 1074 1243 1112 vivit.
1302 1076 1465 1112 Annum

134 1139 212 1176 fere
232 1152 310 1176 una
331 1146 432 1185 sunt,
455 1152 546 1176 cum
567 1146 605 1176 et
626 1140 675 1177 de
696 1138 882 1177 societate
911 1140 1033 1177 multa
1063 1140 1162 1177 inter
1189 1152 1229 1177 se
1250 1138 1467 1177 communi-

133 1210 267 1241 carent
304 1211 343 1241 et
376 1204 427 1241 de
459 1210 541 1241 tota
575 1203 639 1241 illa
670 1203 820 1242 ratione
851 1211 970 1254 atque
1002 1217 1041 1242 re
1076 1203 1280 1242 Gallicana
1297 1218 1307 1251 ,-
1336 1217 1464 1253 neque

131 1266 280 1306 interea
311 1269 474 1306 verbum
507 1269 630 1306 ullum
658 1267 891 1318 interposuit
926 1268 1099 1307 Naevius
1133 1276 1201 1306 aut
1236 1267 1464 1306 societatem

132 1332 206 1372 sibi
245 1332 448 1383 quippiam
489 1333 634 1372 debere
673 1341 740 1372 aut
779 1333 958 1384 privatim
998 1333 1231 1382 Quinctium
1267 1332 1462 1372 debuisse.

74 1418 113 1440 20
133 1399 236 1438 Cum
266 1399 364 1437 aeris
393 1398 509 1437 alieni
530 1398 775 1449 aliquantum
798 1406 900 1437 esset
920 1398 1109 1445 relictum,
1133 1398 1276 1448 quibus
1298 1397 1464 1436 nomini-

132 1464 205 1503 bus
226 1464 434 1514 pecuniam
467 1466 622 1503 Romae
643 1463 767 1502 curari
789 1471 998 1514 oporteret,
1018 1463 1243 1502 auctionem
1269 1462 1308 1500 in
1336 1463 1463 1501 Gallia

133 1533 173 1569 P.
197 1531 260 1570 hic
283 1531 492 1581 Quinctius
515 1532 704 1570 Narbone
727 1544 768 1569 se
790 1531 982 1568 facturum
1004 1542 1089 1567 esse
1109 1528 1315 1579 proscribit
1328 1542 1461 1567 earum

130 1611 257 1636 rerum
280 1613 380 1649 quae
401 1598 521 1649 ipsius
543 1605 651 1637 erant
674 1596 856 1647 privatae.
917 1594 979 1633 Ibi
1001 1602 1083 1632 tum
1104 1593 1160 1631 vir
1181 1593 1352 1643 optimus
1374 1595 1458 1632 Sex.

132 1663 304 1702 Naevius
336 1664 538 1703 bominem
575 1663 707 1702 multis
739 1661 866 1700 verbis
902 1662 1070 1699 deterret
1102 1672 1151 1697 ne
1188 1657 1462 1706 auctionetur3

75 1744 110 1776 ²5
131 1742 221 1767 eum
244 1742 323 1768 non
344 1729 396 1767 ita
417 1730 628 1768 commode
657 1741 773 1778 posse
794 1740 842 1765 eo
866 1733 1042 1775 tempore
1067 1737 1146 1773 quo
1173 1722 1462 1774 proscripsisset

130 1795 324 1843 vendere3
355 1796 509 1833 Romae
530 1793 603 1832 sibi
631 1806 883 1832 nummorum
912 1791 1136 1828 facultatem
1158 1802 1253 1835 esse,
1276 1802 1407 1838 quam,
1430 1788 1461 1827 si

129 1867 292 1910 saperet,
325 1872 578 1898 communem
609 1858 844 1897 existimaret
874 1871 944 1908 pro
975 1857 1141 1894 fraterna
1168 1854 1231 1892 illa
1252 1853 1461 1892 necessitu-

128 1924 221 1963 dine
247 1932 285 1963 et
312 1938 382 1974 pro
409 1924 529 1975 ipsius
556 1923 783 1970 adfinitate3
813 1936 903 1960 narn
926 1924 966 1959 P.
992 1919 1154 1969 Quincti
1181 1918 1458 1957 consobrinam

129 1989 247 2028 habet
269 1990 308 2027 in
330 1989 581 2027 matrimonio
604 1988 776 2026 Naevius
805 1995 843 2026 et
864 2000 910 2026 ex
931 2001 976 2025 ea
997 1985 1151 2024 liberos.
1213 1983 1328 2032 Quia,
1351 1984 1459 2033 quod

175 2102 187 2122 1
215 2092 262 2132 ei]
282 2093 314 2123 hi
332 2093 375 2124 Σὺ
508 2104 527 2123 2
544 2092 733 2133 arbitrium]
752 2091 888 2123 arbitrio
906 2091 1079 2122 Hotoman
1097 2102 1102 2120 :
1130 2089 1169 2120 ad
1189 2088 1348 2119 arbitrum
1367 2087 1459 2117 Ran-

129 2141 282 2167 conuelus
414 2147 433 2175 3
458 2136 609 2167 solerent
626 2135 711 2167 b1c1k
728 2147 734 2165 :
760 2136 871 2166 solent
889 2138 954 2165 cell.
1087 2143 1106 2172 5
1132 2131 1281 2172 tametsi]
1304 2141 1376 2161 nam
1394 2131 1456 2178 etsi

129 2179 301 2210 Hotoman
398 2190 414 2219 7
435 2180 651 2219 quamplures
671 2178 701 2208 b1
719 2191 725 2209 :
750 2180 864 2219 plures
879 2189 895 2208 c
994 2186 1031 2216 15
1058 2176 1185 2206 Naevio
1200 2175 1258 2206 del.
1281 2174 1459 2205 illanuttus

133 2224 172 2253 16
195 2223 282 2253 inter
298 2234 334 2253 se
351 2224 454 2254 multa
473 2235 496 2262 χ
633 2233 671 2262 19
695 2224 835 2254 deberet
851 2224 874 2253 Σ
965 2221 1002 2251 C.
1023 2220 1220 2259 Quinctium
1239 2218 1318 2249 coni.
1338 2217 1461 2246 Muller

131 2276 173 2296 20
195 2266 436 2306 aliquantulum
452 2267 469 2295 h
575 2277 609 2296 21
638 2277 755 2297 curare
773 2264 960 2306 oportuerit
978 2263 1009 2294 bl
1122 2272 1164 2301 23
1187 2260 1273 2302 tum]
1298 2267 1407 2292 tamen
1425 2258 1456 2289 b¹

132 2319 172 2348 25
197 2310 288 2350 eum]
309 2321 383 2340 cum
400 2310 459 2349 6χῖ
548 2315 664 2350 posset
682 2309 725 2348 ὸχ
815 2308 899 2349 quo]
919 2318 1004 2349 quac
1022 2318 1057 2346 χ,
1076 2305 1123 2339 ed.
1142 2306 1175 2336 R

1493 69 1530 100 13

1492 589 1529 621 14

1487 1025 1523 1058 15

1485 1597 1522 1630 16
