1747 2620
177 88 220 129 15

172 519 218 556 16

176 800 213 832 41

181 1452 221 1483 42

238 96 281 127 40
610 81 665 118 M.
698 80 865 117 TVLLI
899 79 1206 118 CICERONIS

236 192 307 232 tari
338 199 473 232 contra
504 192 613 231 nullo
643 199 759 243 pacto
789 199 928 242 potest,
953 192 1062 242 quod
1086 190 1163 230 iam
1189 198 1378 232 statutum
1403 207 1426 232 a
1452 191 1568 234 nobis

237 266 294 297 est
325 265 362 297 et
394 257 623 306 iudicatum,
658 257 848 307 quoniam
878 257 1137 296 hereditatem
1169 257 1245 296 iam
1275 258 1481 306 crevimus,
1511 272 1570 297 re-

236 337 357 373 gnum
391 323 609 373 Bithyniae,
633 323 743 373 quod
772 330 877 362 certe
905 323 1109 373 publicum
1140 330 1198 362 est
1227 323 1364 375 populi
1396 323 1569 362 Romani

238 390 394 435 factum,
438 402 533 426 num
573 387 670 438 quid
708 401 850 426 causae
889 396 946 426 est
986 387 1081 438 quin
1120 388 1250 426 omnis
1288 402 1412 439 agros,
1448 389 1568 437 urbis,

237 462 384 504 stagna,
421 461 567 504 portus,
605 461 728 491 totam
764 452 937 503 denique
973 452 1200 504 Bithyniam
1240 454 1341 492 xviri
1375 454 1570 493 vendituri

238 519 344 558 sint?
392 518 534 569 Quid?
583 517 810 568 Mytilenae,
833 530 935 568 quae
956 525 1061 557 certe
1085 525 1246 566 vestrae,
1269 518 1454 568 Quirites,
1478 519 1570 558 belli

238 586 322 635 lege
342 598 387 623 ac
408 584 593 623 victoriae
621 583 702 622 iure
727 584 853 622 factae
882 592 985 632 sunt,
1008 585 1100 623 urbs
1128 592 1166 623 et
1194 591 1332 623 natura
1363 597 1408 623 ac
1436 584 1512 623 situ
1533 592 1571 624 et

238 650 501 701 descriptione
529 649 800 688 aedificiorum
822 657 860 688 et
874 649 1175 700 'pulchritudine
1197 649 1236 687 in
1258 649 1392 700 primis
1414 649 1568 697 nobilis,

237 716 315 767 agri
346 715 507 755 iucundi
536 723 575 755 et
605 714 760 762 fertiles,
784 728 928 766 nempe
949 716 1092 754 eodem
1118 716 1246 766 capite
1274 715 1415 754 inclusi
1445 716 1569 755 conti-

238 789 388 821 nentur.
463 781 604 831 Quid?
662 781 910 819 Alexandrea
943 788 1166 831 cunctaque
1199 783 1400 832 Aegyptus
1436 788 1478 820 ut
1505 794 1571 820 oc-

237 850 341 886 culte
368 849 472 893 latet,
496 855 539 886 ut
567 847 772 886 recondita
796 854 866 895 est,
888 855 930 885 ut
957 847 1087 886 furtim
1116 854 1199 886 tota
1229 846 1348 886 xviris
1380 847 1570 886 traditur!

239 914 338 963 Quis
369 914 474 952 enim
511 920 682 952 vestrum
713 914 789 952 hoc
820 913 981 963 ignorat,
1019 913 1097 951 dici
1133 913 1229 951 illud
1265 927 1426 964 regnum
1458 920 1572 952 testa-

239 987 374 1018 mento
394 979 492 1029 regis
515 980 662 1018 Alexae
689 978 826 1029 populi
859 978 1031 1017 Romani
1053 991 1138 1017 esse
1160 980 1339 1017 factum?
1398 978 1478 1016 Hic
1499 991 1572 1028 ego

238 1046 377 1083 consul
398 1044 535 1094 populi
566 1043 739 1082 Romani
769 1056 851 1082 non
879 1045 1001 1082 modo
1029 1042 1125 1081 nihil
1154 1042 1287 1082 iudico
1313 1044 1382 1081 sed
1404 1056 1453 1081 ne
1475 1043 1571 1093 quid

238 1109 404 1149 sentiam
426 1109 587 1159 quidem
610 1110 774 1159 profero.
837 1110 984 1158 Magna
1011 1107 1117 1146 enim
1142 1107 1238 1146 mihi
1259 1121 1318 1147 res
1340 1121 1421 1147 non
1449 1109 1570 1147 modo

238 1177 288 1215 ad
310 1176 563 1213 statuendum
586 1175 655 1213 sed
677 1173 794 1212 etiam
816 1175 867 1212 ad
888 1173 1104 1212 dicendum
1121 1173 1275 1212 videtur
1296 1186 1390 1212 esse.
1441 1173 1572 1212 Video

239 1241 305 1292 qui
327 1247 606 1279 testamentum
630 1241 777 1278 factum
800 1252 885 1278 esse
907 1239 1113 1277 confirmet
1132 1254 1141 1287 3
1170 1238 1443 1277 auctoritatem
1465 1252 1573 1277 sena-

240 1314 301 1344 tus
344 1312 493 1343 exstare
546 1303 772 1342 hereditatis
825 1303 954 1342 aditae
1008 1302 1135 1342 sentio
1185 1311 1268 1342 tum
1315 1317 1405 1342 cum
1450 1305 1573 1342 Alexa

243 1378 398 1408 mortuo
423 1383 494 1407 nos
524 1370 589 1407 tris
617 1370 764 1418 legatos
790 1370 938 1418 Tyrum
970 1368 1161 1415 misimus,
1183 1368 1250 1418 qui
1280 1369 1329 1406 ab
1361 1368 1428 1406 illo
1457 1381 1572 1418 pecu—

244 1436 348 1474 niam
370 1434 590 1485 depositam
614 1441 897 1484 recuperarent.
945 1435 1059 1472 Haec
1083 1435 1124 1472 L.
1146 1434 1370 1484 Philippum
1394 1447 1511 1484 saepe
1531 1433 1570 1472 in

242 1508 380 1539 senatu
402 1501 655 1539 confirmasse
685 1499 875 1538 memoria
896 1506 1012 1537 teneo
1028 1514 1037 1546 3
1068 1513 1158 1537 eum
1188 1498 1253 1549 qui
1285 1512 1447 1549 regnum
1475 1498 1572 1538 illud

241 1574 371 1605 teneat
401 1567 478 1604 hoc
507 1572 684 1614 tempore
712 1577 839 1614 neque
868 1577 1010 1613 genere
1033 1577 1162 1613 neque
1189 1563 1324 1602 animo
1353 1563 1459 1614 regio
1488 1577 1573 1602 esse

240 1632 339 1670 inter
368 1630 497 1669 omnis
525 1631 603 1668 fere
630 1629 745 1667 video
776 1628 997 1667 convenire.
1074 1629 1227 1667 Dicitur
1255 1636 1391 1667 contra
1420 1630 1571 1667 nullum

240 1710 324 1735 esse
356 1702 647 1740 testamentum,
681 1707 761 1731 non
795 1702 974 1744 oportere
1008 1695 1198 1744 populum
1232 1695 1459 1732 Romanum
1492 1706 1572 1732 om-

241 1761 348 1800 nium
385 1773 592 1811 regnorum
628 1767 909 1809 appententem
945 1758 1076 1805 videri,
1114 1758 1396 1808 demigraturos
1433 1759 1471 1796 in
1507 1759 1570 1797 illa

240 1829 327 1865 loca
343 1834 496 1864 nostros
519 1824 700 1863 homines
726 1832 883 1875 propter
904 1837 1085 1874 agrorum
1101 1823 1318 1861 bonitatem
1336 1831 1373 1861 et
1390 1823 1570 1862 omnium

240 1905 367 1931 rerum
400 1891 567 1941 copiam.
643 1892 733 1928 Hac
766 1897 873 1928 tanta
905 1891 954 1927 de
986 1902 1025 1926 re
1062 1890 1102 1927 P.
1135 1890 1275 1926 Rullus
1309 1900 1400 1925 cum
1434 1888 1572 1927 ceteris

286 2006 299 2026 1
326 1998 413 2036 quod
442 1998 504 2028 iam
536 1997 577 2027 M
601 1997 635 2027 in
664 2007 741 2036 mg,
763 1995 817 2025 sk:
846 1993 1003 2033 quoniam
1027 1996 1093 2022 ΝΠ.
1208 2001 1227 2020 2
1248 1992 1403 2030 quoniam
1421 1991 1573 2024 Ernesti:

392 2049 408 2065 U

240 2084 338 2112 quam
356 2074 423 2113 (qm
437 2075 479 2113 E)
496 2074 582 2106 codd.
679 2074 742 2103 iam
754 2082 819 2102 om.
833 2081 848 2101 e
862 2083 869 2101 ι
894 2071 938 2100 ita
952 2069 982 2099 E
1070 2068 1235 2098 crevimus
1249 2067 1341 2098 M¹ok
1356 2081 1362 2099 :
1386 2070 1572 2101 creavimus

240 2121 304 2149 cell.
442 2129 461 2157 5
485 2123 603 2157 stagna
621 2118 667 2148 Ee
684 2129 689 2147 :
716 2117 835 2147 stativa
852 2118 917 2145 cett.
1073 2114 1093 2142 6
1117 2116 1210 2142 certe
1228 2112 1311 2152 Lag.
1332 2122 1361 2150 9,
1385 2112 1572 2153 Angelius:

242 2166 354 2193 torrae
371 2166 435 2194 cett.
567 2163 586 2191 8
611 2160 833 2199 discriptione
852 2156 1008 2187 Br'iclerler
1124 2165 1135 2184 1
1148 2165 1159 2184 1
1187 2160 1237 2185 cst
1254 2155 1298 2187 ecl.
1319 2155 1449 2187 Medt'ol.
1465 2167 1472 2186 :
1496 2163 1572 2187 sunt

244 2223 245 2226 =
261 2205 320 2235 suit
337 2206 370 2243 kl»
390 2206 478 2237 codd.
606 2216 644 2244 13
668 2202 855 2234 Alexandri
872 2212 933 2240 ωχ,
952 2198 1174 2229 Lam-edamus
1294 2200 1332 2229 18
1356 2209 1429 2229 cum
1448 2199 1546 2230 Klots
1565 2211 1572 2231 ε

242 2250 376 2287 quando
394 2249 481 2280 codd.
574 2248 770 2279 Alexandro
789 2258 811 2285 χ
929 2254 968 2282 19
991 2247 1122 2272 mortuo
1140 2252 1201 2272 nos
1219 2243 1278 2272 tris
1294 2266 1301 2273 .
1323 2267 1329 2273 .
1349 2266 1356 2273 .
1378 2243 1566 2282 depositam

243 2294 377 2332 scripSi:
404 2298 536 2324 mortuo
554 2292 626 2333 (-0s
643 2291 702 2326 Ee)
724 2312 732 2322 .
751 2314 758 2321 .
781 2313 787 2320 .
807 2287 995 2328 depositam
1015 2287 1137 2316 nostris
1154 2285 1241 2316 codd.
1333 2295 1373 2325 25
1399 2291 1569 2326 petentem

246 2336 332 2375 (pot-
355 2337 418 2377 ος)
436 2335 522 2367 codd.
544 2348 549 2366 :
574 2346 651 2366 com.
667 2333 834 2373 Angelius
937 2341 976 2368 27
1003 2330 1126 2359 ceteris
1144 2340 1211 2360 0111.
1232 2329 1263 2358 E

1594 797 1632 820 10

1592 1122 1631 1154 15

1593 1449 1634 1471 20

1591 1773 1629 1805 25
