1716 2662
386 101 460 139 DE
491 101 636 139 LEGE
668 102 924 139 AGRARIA
956 102 1172 142 ORATIO
1204 104 1221 140 I
1438 113 1464 152 3

136 210 217 258 fuit,
251 213 410 249 ‘SVLLA
443 224 492 250 ET
524 213 717 250 Ponpmo
752 214 1028 260 CONsx·L113vs,’
1063 212 1103 252 id
1133 227 1263 252 rursus
1294 213 1460 252 liberum

1487 120 1526 142 10

135 275 412 326 infinitumque
434 278 619 315 fecerunt.
680 277 798 315 Iubet
811 277 916 316 enim
939 278 1101 317 eosdem
1122 278 1254 317 xviros
1276 278 1460 317 omnibus
1478 289 1505 326 4

134 340 234 391 agris
254 341 422 391 publicis
443 342 660 392 pergrande
680 341 844 392 vectigal
872 342 1086 393 imponere,
1109 351 1152 382 ut
1181 343 1287 382 idem
1309 343 1461 394 possint

135 414 172 444 et
202 406 364 445 liberare
392 420 505 457 agros
535 420 635 457 quos
664 408 923 446 commodum
952 408 1001 446 sit
1031 417 1068 447 et
1096 423 1196 459 quos
1224 409 1317 461 ipsis
1342 409 1461 448 libeat

98 489 114 520 5
134 471 343 522 publicare.
405 473 497 520 Quo
518 471 557 510 in
579 471 726 511 iudicio
752 473 919 523 perspici
947 487 1027 512 non
1056 482 1186 524 potest
1207 483 1337 513 utrum
1357 488 1462 513 seve-

134 536 223 575 ritas
244 536 421 576 acerbior
440 550 491 575 an
513 536 733 587 benignitas
754 538 1027 588 quaestuosior
1047 539 1095 577 sit
1117 541 1254 578 futura.

187 604 286 640 Sunt
316 609 449 641 tamen
479 602 519 640 in
550 610 631 641 tota
660 604 746 653 lege
776 603 1028 654 exceptiones
1057 606 1161 643 duae
1190 618 1270 643 non
1292 613 1371 644 tam
1393 604 1461 644 ini-

133 681 234 718 quae
265 681 383 718 quam
419 667 668 718 suspiciosae.
730 667 886 718 Excipit
917 668 1023 706 enim
1055 668 1095 707 in
1128 669 1307 720 vectigali
1338 669 1461 720 impo-

132 733 266 770 nendo
285 745 420 782 agrum
444 732 749 771 Recentoricum
771 732 1027 780 Siciliensem,
1052 733 1091 771 in
1113 734 1332 773 vendendis
1361 733 1460 785 agris

76 810 113 834 10
132 810 199 836 eos
220 810 331 846 agros
351 797 401 835 de
422 796 565 846 quibus
587 804 745 835 cautum
767 797 815 835 sit
836 798 1004 837 foedere.
1066 798 1123 836 Hi
1144 807 1235 838 sunt
1254 799 1294 837 in
1316 799 1457 845 Africa,

132 861 198 912 qui
219 861 270 899 ab
291 861 524 912 Hiempsale
553 860 814 912 possidentur.
878 862 958 901 Hic
990 877 1147 913 quaero,
1180 863 1211 902 si
1237 863 1458 913 Hiempsali

131 926 223 964 satis
253 933 311 965 est
340 934 500 964 cautum
530 927 688 965 foedere
709 934 747 965 et
777 928 1061 966 Recentoricus
1086 942 1177 979 ager
1197 928 1367 979 privatus
1388 936 1456 975 est,

131 990 228 1041 quid
260 990 459 1029 attinuerit
494 990 649 1041 excipi3
678 991 737 1030 sin
773 999 810 1030 et
845 994 983 1032 foedus
1013 992 1110 1032 illud
1139 993 1259 1032 habet
1287 994 1459 1044 aliquam

131 1055 417 1095 dubitationem
449 1064 487 1095 et
516 1070 607 1106 ager
639 1057 923 1096 Recentoricus
956 1058 1099 1097 dicitur
1128 1072 1210 1097 non
1241 1072 1458 1109 numquam

74 1138 109 1170 15
131 1135 216 1161 esse
245 1121 438 1172 publicus,
476 1136 594 1172 quem
627 1130 739 1172 putet
772 1123 1082 1161 existimaturum
1113 1123 1209 1161 duas
1248 1136 1384 1162 causas
1419 1123 1458 1161 in

130 1187 226 1226 orbe
254 1195 439 1226 terrarum
471 1195 641 1238 repertas
672 1188 816 1238 quibus
840 1188 956 1238 gratis
983 1196 1168 1239 parceret.
1229 1190 1337 1227 Num
1358 1187 1459 1239 quis-

130 1267 221 1291 nam
253 1261 331 1291 tam
367 1253 568 1291 abstrusus
603 1266 771 1303 usquam
804 1267 989 1291 nummus
1028 1253 1182 1292 videtur
1220 1267 1338 1304 quem
1378 1267 1458 1292 non

129 1318 330 1357 architecti
365 1318 528 1357 huiusce
568 1317 664 1368 legis
703 1318 935 1357 olfecerint?
1006 1319 1241 1366 Provincias,
1284 1319 1458 1358 civitates

130 1384 280 1431 liberas
305 1384 443 1431 socios,
467 1383 629 1431 amicos,
650 1397 758 1434 reges
786 1383 958 1434 denique
979 1384 1223 1432 exhauriunt,
1244 1385 1459 1425 admovent

72 1463 112 1485 20
132 1464 271 1489 manus
292 1449 547 1500 vectigalibus
569 1449 704 1499 populi
728 1449 910 1488 Romani.
955 1451 1049 1488 Non
1070 1457 1128 1488 est
1149 1449 1251 1488 satis.
1297 1450 1456 1497 Audite,

129 1515 263 1554 audite
283 1529 352 1554 vos
383 1514 450 1565 qui
481 1513 724 1564 amplissimo
755 1513 892 1564 populi
922 1522 1160 1565 senatusque
1189 1514 1336 1554 iudicio
1357 1529 1459 1554 exer-

129 1581 229 1620 citus
250 1580 440 1620 habuistis
461 1588 499 1619 et
530 1580 632 1618 bella
658 1579 854 1629 gessistis:
885 1581 994 1629 quod
1020 1581 1071 1618 ad
1101 1594 1300 1630 quemque
1329 1594 1460 1630 perve-

130 1645 228 1685 nerit
250 1661 295 1685 ex
316 1647 470 1697 praeda,
494 1658 541 1683 ex
562 1643 769 1690 manubiis,
793 1657 839 1682 ex
858 1657 954 1682 auro
971 1645 1186 1692 coronario,
1205 1646 1313 1695 quod
1330 1659 1459 1696 neque

130 1719 410 1762 consumptum
432 1710 472 1749 in
493 1717 755 1749 monumento
783 1722 912 1759 neque
940 1709 980 1747 in
1000 1710 1192 1748 aerarium
1213 1712 1376 1750 relatum
1398 1710 1456 1763 sit,

71 1787 111 1820 25
132 1776 171 1816 id
201 1779 251 1816 ad
282 1777 413 1815 xviros
443 1775 573 1814 referri
604 1774 738 1813 iubet!
798 1777 890 1813 Hoc
913 1775 1041 1825 capite
1064 1777 1187 1814 multa
1208 1783 1389 1826 sperant3
1418 1776 1459 1814 in

131 1842 259 1881 omnis
299 1842 552 1893 imperatores
591 1841 837 1890 heredesque
886 1854 1021 1879 eorum
1066 1840 1339 1891 quaestionem
1388 1855 1459 1880 suo

128 1907 275 1946 iudicio
309 1914 550 1958 comparant,
583 1907 654 1945 sed
686 1905 896 1944 maximam
934 1906 1145 1956 pecuniam
1181 1920 1222 1945 se
1256 1921 1279 1945 a
1314 1909 1459 1946 Fausto

128 1974 325 2012 ablaturos
373 1972 618 2011 arbitrantur.
705 1973 837 2020 Quam
892 1985 1052 2010 causam
1101 1973 1298 2023 suscipere
1346 1972 1459 2011 iurati

129 2038 278 2078 iudices
313 2040 533 2084 noluerunt,
571 2038 673 2076 hanc
704 2036 767 2076 isti
802 2036 902 2076 xviri
935 2046 1215 2089 susceperunt:
1257 2038 1406 2078 idcirco
1435 2052 1460 2077 a

172 2154 191 2173 2
217 2143 305 2174 enim
323 2142 369 2173 Ee
386 2153 393 2172 τ
418 2152 483 2172 om.
502 2145 566 2173 cell.
721 2153 738 2181 4
761 2141 861 2182 quos]
881 2142 970 2181 quod
988 2141 1030 2172 M
1172 2143 1193 2172 6
1217 2141 1328 2173 futura
1344 2153 1408 2173 om.
1428 2143 1464 2173 N

128 2187 148 2216 8
172 2186 259 2217 enirn
277 2186 328 2217 E:
352 2197 416 2216 om.
438 2189 502 2216 cett.
651 2195 690 2215 10
715 2184 771 2223 sit]
792 2185 834 2215 sit
850 2185 924 2215 sine
941 2185 973 2215 E
1106 2195 1144 2225 13
1166 2186 1342 2217 attinuerit
1358 2185 1460 2217 EeN:

127 2230 250 2260 attinet
269 2229 360 2268 Μμς
473 2231 511 2259 16
536 2227 706 2269 parceret]
727 2229 916 2268 perciperet
931 2227 966 2260 E
1053 2239 1130 2259 num
1148 2228 1346 2260 Manutius:
1370 2240 1459 2260 nunc

127 2273 215 2304 codd.
278 2282 312 2312 17
331 2279 396 2304 tam
410 2273 439 2311 k,
451 2272 496 2303 ed.
510 2272 560 2303 R:
578 2272 712 2303 tandem
723 2276 786 2303 cell.
861 2282 903 2302 20
920 2272 1044 2311 audite,
1059 2272 1170 2303 audite
1184 2272 1246 2303 Ee:
1265 2274 1379 2304 audite
1390 2277 1458 2304 cett.

128 2326 169 2346 22
194 2317 386 2356 pervenerit
401 2315 451 2346 E:
477 2316 631 2355 pervenit
648 2320 705 2346 aut
722 2316 914 2355 pervenerit
933 2315 1033 2351 (-enit
1050 2317 1080 2355 e)
1098 2320 1163 2348 cett.
1290 2327 1330 2356 23
1355 2318 1458 2348 mani-

129 2359 188 2389 bus
206 2359 309 2390 EM¹e
439 2360 480 2389 28
505 2359 674 2390 ablaturos
692 2369 758 2390 om.
775 2359 807 2389 E
938 2369 979 2398 29
1003 2364 1228 2400 susceperunt
1244 2360 1363 2393 Klotz:
1388 2371 1460 2392 sus-

130 2413 251 2443 cepere
270 2403 348 2445 ζ-ἰρ-
367 2403 393 2444 e')
413 2402 502 2434 codd.
523 2414 528 2431 ε
554 2402 611 2434 del.
631 2401 753 2434 Mt'iller

1482 878 1518 901 11

1482 1462 1517 1484 12
