1747 2620
679 47 1000 88 PRAEFATIO

238 163 284 199 In
317 159 553 201 Caeciniana
583 160 667 197 sine
701 156 824 196 dubio
855 155 1211 206 praestantissimus
1244 162 1302 195 est
1330 157 1496 206 Tegern-

182 226 328 265 seensis
359 225 447 278 (T),
479 237 651 275 quocum
690 224 768 261 fere
801 223 1053 260 consentiunt
1093 221 1326 259 Erfurtensis
1357 220 1431 272 (E)
1462 229 1500 260 et

184 291 380 331 Palatinus
401 291 598 329 secundus
618 287 681 340 (e),
705 300 822 338 quem
843 299 924 325 non
944 299 990 326 ex
1010 286 1096 337 ipso
1116 287 1158 324 E
1178 287 1247 325 sed
1268 299 1313 325 ex
1333 287 1501 336 gemello

182 357 355 406 quodam
381 354 597 394 derivatum
625 366 710 392 esse
736 352 920 391 iudicavit
941 353 985 391 C.
1011 352 1160 398 Halm‚¹
1182 349 1244 389 cui
1271 363 1344 401 ego
1373 364 1502 389 assen-

182 422 265 458 tior,
323 419 513 460 Codicem
556 417 848 468 Lingonensem
887 430 909 455 a
947 415 1095 466 Poggio
1136 423 1329 466 repertum
1370 428 1501 466 neque

183 484 386 534 antiquum
421 497 505 522 esse
539 483 670 522 iudico
704 495 843 531 neque,
875 482 984 531 quod
1017 481 1146 528 doleo,
1177 481 1291 519 valde
1324 480 1500 518 bonum:

182 551 337 588 saeculo
364 550 442 588 fere
468 548 518 586 xii
545 546 679 586 litteris
706 546 934 585 minusculis
963 545 1150 596 scriptum
1175 558 1259 584 esse
1286 545 1501 584 ostendunt

182 615 417 664 compendia
438 614 560 651 multa
580 612 620 650 in
640 613 728 651 cod.
749 612 807 649 M
815 618 973 650 servata.
1032 611 1080 648 In
1101 609 1343 649 orationibus
1364 616 1500 647 contra

185 680 344 717 Rullum
373 677 514 716 habitis
536 678 675 716 eadem
696 677 879 715 codicum
901 675 998 714 ratio
1018 682 1086 723 est,
1109 674 1182 713 nisi
1204 675 1312 724 quod
1332 675 1502 723 Tegern-

183 744 308 783 seensi
335 756 521 782 caremus.
581 743 788 792 Exemplar
816 754 840 779 a
868 739 1016 790 Poggio
1045 746 1240 790 repertum
1267 740 1425 777 saeculo
1451 738 1502 776 xii

183 808 367 858 scriptum
395 821 478 846 esse
505 806 648 845 iudico.
706 807 798 844 Non
826 806 993 843 multum
1020 804 1114 843 boni
1139 811 1289 854 praeter
1312 803 1501 843 lectiones

182 887 227 912 ex
247 875 289 912 E
308 873 375 912 diu
396 880 508 911 notas
529 872 689 922 praebet
710 872 796 909 fons
817 871 1008 910 Cusanus.
1070 869 1222 919 Optimi
1246 868 1361 919 igitur
1380 870 1502 908 duces

183 946 272 977 sunt
291 939 362 985 Ee,
384 939 450 988 qui
471 951 589 987 quam
617 937 839 975 claudicent
862 942 900 973 et
923 934 1142 973 caecutiant
1166 941 1208 972 ut
1232 935 1501 973 demonstrem

183 1016 262 1041 non
296 1015 455 1041 necesse
490 1009 558 1040 est.
617 1001 721 1038 Illud
756 1013 849 1038 sane
883 1006 1038 1037 constat
1076 998 1261 1037 orationis
1301 1000 1502 1037 secundae

184 1069 300 1106 finem
334 1066 546 1105 miserrime
577 1078 662 1104 esse
695 1071 933 1114 corruptum.
993 1063 1154 1102 Hucine
1192 1062 1413 1102 reciderunt
1449 1063 1503 1101 illi

183 1145 320 1171 omnes
342 1131 478 1170 Statilii
502 1129 665 1168 Maximi
684 1136 802 1180 atque
821 1128 941 1179 ipsius
962 1127 1119 1167 Tironis
1141 1128 1294 1166 labores
1312 1131 1318 1166 1

238 1199 285 1235 In
316 1195 525 1235 Pisoniana
549 1194 686 1245 optimi
711 1201 801 1233 sunt
832 1193 1112 1244 Palimpsestus
1134 1191 1209 1244 (P)
1230 1200 1267 1231 et
1288 1192 1503 1231 Vaticanus

184 1261 273 1313 (V),
288 1260 430 1311 quibus
449 1259 602 1299 accedit
622 1258 730 1298 testis
750 1259 925 1308 locuples
942 1257 1148 1296 Asconius.
1190 1256 1270 1295 Vbi
1291 1256 1373 1295 eius
1395 1257 1503 1296 modi

183 1324 365 1364 subsidiis
404 1324 576 1369 fruimur,
612 1324 724 1361 firmo
758 1323 1017 1360 fundamento
1056 1334 1115 1359 res
1154 1319 1297 1368 nititur,
1333 1321 1400 1359 ubi
1439 1322 1503 1360 de-

184 1391 330 1438 ficiunt,
364 1389 524 1428 lubrico.
586 1390 649 1427 Ita
681 1387 786 1426 enim
820 1389 879 1425 Ee
917 1399 1007 1425 cum
1046 1387 1131 1424 PV
1155 1385 1371 1435 aliquando
1393 1394 1503 1424 'con-

185 1455 331 1506 spirant
360 1462 402 1493 ut
431 1452 796 1504 interpolationibus
829 1465 910 1490 non
940 1450 1055 1489 nullis
1083 1450 1228 1489 foedati
1255 1449 1332 1488 sint
1358 1449 1502 1500 quibus

184 1520 371 1571 Poggiani
386 1527 527 1558 carent.
576 1521 768 1568 Excerpta
784 1518 978 1567 quaedam
996 1530 1041 1554 ex
1063 1517 1135 1553 hac
1156 1516 1342 1563 oratione,
1362 1515 1502 1565 partim

184 1599 294 1632 nova,
314 1584 536 1635 suppeditat
555 1585 680 1622 codex
696 1582 877 1622 Cusanus
896 1581 1037 1631 (Cus.)‚
1055 1579 1149 1619 olim
1171 1579 1325 1618 Nicolai
1340 1580 1500 1627 Cusani,

184 1651 339 1689 saeculo
360 1649 409 1687 xii
432 1647 769 1698 neglegentissime
790 1645 982 1695 scriptus.²

226 1725 238 1746 ¹
253 1726 358 1765 Jalm,
374 1725 490 1763 Jahrb.
508 1724 625 1764 suppl.
644 1734 699 1754 xv.
720 1723 835 1762 (18495
857 1733 887 1761 p.
915 1723 984 1761 169.
1032 1721 1151 1752 Codex
1172 1725 1243 1751 erat
1264 1719 1341 1751 olim
1363 1719 1502 1751 Heidel-

183 1770 318 1808 bergae,
351 1780 415 1808 qua
446 1769 478 1798 in
504 1768 586 1798 urbe
616 1767 751 1797 codices
778 1766 899 1804 aliquot
930 1776 949 1796 e
980 1764 1185 1795 monasterio
1216 1763 1501 1794 Laurisheimensi

183 1813 311 1844 adlatos
335 1812 468 1842 sacculo
493 1822 536 1841 xv
560 1811 778 1849 transcriptos
803 1819 878 1839 csse
902 1813 1031 1839 constat
1057 1807 1208 1845 (Garun,
1230 1806 1350 1845 Jahrb.
1374 1805 1496 1847 Suppl.

184 1856 264 1888 xxii.
284 1857 400 1895 (¹896)
423 1865 453 1893 p.
475 1856 562 1892 517).
612 1854 727 1884 Potest
750 1853 849 1891 igitur
871 1862 913 1882 6)(
934 1862 975 1882 eo
997 1852 1111 1882 codice
1134 1851 1188 1889 qui
1209 1851 1241 1880 in
1264 1854 1380 1880 vetere
1401 1850 1500 1880 huius

185 1899 375 1930 monasterii
394 1898 583 1938 (Manilius,
600 1908 632 1938 p.
655 1898 706 1936 18>
727 1896 881 1934 catalogo
898 1895 1087 1934 descriptus
1102 1899 1166 1931 est,
1182 1894 1214 1923 in
1237 1904 1302 1933 quo
1322 1892 1501 1924 Pisoniana

185 1943 287 1973 fuisse
305 1942 455 1979 traditur,
477 1950 661 1971 emanasse.
709 1939 845 1970 Codicis
862 1949 877 1968 e
892 1938 1049 1969 simillimi
1069 1942 1148 1968 sunt
1164 1936 1394 1975 Erlangensis‚
1412 1947 1500 1967 anno

188 1987 267 2024 1466
286 1985 534 2023 Heidelbergae
551 1984 707 2023 scriptus,
728 1987 760 2013 et
780 1982 1017 2021 Frisingensis,
1037 1990 1123 2020 quos
1141 1980 1280 2011 contulit
1299 1979 1336 2009 C.
1355 1979 1468 2012 Halm.

227 2029 239 2049 ²
268 2025 352 2059 Uber
375 2029 442 2058 eine
469 2027 544 2059 HS.
574 2027 627 2057 des
656 2026 810 2056 Nicolaus
836 2035 899 2055 von
931 2025 1021 2056 Cues.
1071 2024 1098 2056 I.
1123 2023 1229 2061 Klein,
1260 2023 1350 2054 1866.
1400 2023 1501 2054 Liber

184 2073 285 2102 habet
301 2072 391 2102 locos
409 2081 482 2102 cum
500 2081 542 2100 ex
559 2070 631 2100 aliis
647 2069 839 2100 auctoribus
856 2073 1046 2109 excerptos,
1062 2072 1130 2098 tum
1146 2077 1189 2097 ex
1201 2066 1300 2096 Tullii
1315 2066 1501 2097 Paradoxis

184 2121 218 2146 et
239 2116 321 2146 libro
338 2115 391 2154 qui
410 2116 450 2145 de
472 2114 671 2144 inventione
692 2113 889 2152 appellatur,
909 2123 952 2142 ex
967 2111 1172 2142 orationibus
1194 2110 1227 2139 in
1247 2109 1415 2147 Pisonem,
1435 2119 1496 2148 pro

185 2159 312 2196 Flacco,
338 2169 398 2198 pro
425 2158 574 2195 Fonteio,
598 2156 805 2195 Philippicis.
855 2156 943 2185 Nihil
969 2154 1067 2184 habet
1092 2164 1134 2183 ex
1159 2152 1363 2183 orationibus
1380 2157 1497 2183 contra

185 2203 327 2239 Rullum,
347 2201 398 2231 vcl
417 2212 459 2231 ex
476 2200 566 2230 libris
589 2200 630 2230 dc
652 2199 809 2237 Legibus,
828 2199 869 2229 de
888 2199 978 2229 Fato.
1027 2197 1103 2228 Non
1121 2201 1230 2236 potest
1248 2195 1348 2234 igitur
1369 2196 1398 2225 is
1421 2205 1496 2226 esse

183 2246 267 2276 liber
283 2256 301 2275 a
320 2245 456 2275 Nicolao
476 2248 628 2282 repertus
645 2243 686 2273 de
706 2253 772 2282 quo
791 2243 853 2273 iam
870 2242 960 2272 dixi:
985 2245 1098 2281 potest
1118 2241 1146 2271 is
1163 2249 1238 2270 esse
1261 2249 1358 2278 quem
1376 2241 1384 2256 ‘
1400 2238 1495 2279 plura

182 2289 246 2320 alia
263 2299 306 2320 ex
323 2287 570 2327 fragmentatis'
588 2286 710 2317 habere
727 2285 805 2316 dicit
823 2285 983 2325 Poggius.

833 2342 894 2381 xiv
