1716 2662
474 84 585 122 PRo
616 85 659 122 L.
693 83 913 123 FLACCO
943 84 1161 123 ORATIO
1452 94 1474 132 4
1499 102 1518 132 9

149 197 290 237 artium
317 197 580 248 disciplinam,
601 210 682 235 non
711 197 846 234 adimo
876 196 1067 235 sermonis
1095 197 1283 246 leporem,
1307 196 1480 246 ingenio*

150 276 235 301 rum
264 276 443 310 acumen,
476 262 635 301 dicendi
665 261 832 312 copiam,
865 263 1038 311 denique
1068 261 1198 308 etiam,
1228 261 1259 299 si
1293 274 1372 311 qua
1406 260 1479 299 sibi

148 327 223 366 alia
257 336 428 375 sumunt,
469 341 548 365 non
584 340 786 377 repugno;
826 326 1143 366 testimoniorum
1179 326 1406 376 religionem
1441 334 1479 364 et

150 393 269 430 fidem
307 406 524 442 numquam
564 393 636 429 ista
674 391 782 429 natio
816 391 948 438 coluit,
986 390 1186 441 totiusque
1223 390 1388 429 huiusce
1425 389 1478 428 rei

110 468 127 499 5
149 469 249 507 quae
270 457 318 495 sit
340 458 406 504 vis,
425 471 526 507 quae
546 456 767 503 auctoritas,
789 457 898 505 quod
920 456 1088 506 pondus,
1112 457 1303 505 ignorant,
1362 456 1479 493 Vnde

147 521 243 560 illud
264 530 348 562 est:
382 524 454 561 ‘da
469 522 564 560 mihi
586 521 856 560 testimonium
875 522 1106 560 mutuum'?
1136 534 1231 558 num
1261 522 1475 567 Gallorum,

147 601 242 626 num
275 588 546 638 Hispanorum
577 588 766 638 putatur?
818 589 966 625 Totum
998 586 1105 624 istud
1135 587 1376 625 Graecorum
1406 593 1478 632 est,

147 661 189 691 ut
216 653 333 691 etiam
358 653 424 703 qui
451 654 601 691 Graece
631 651 812 690 nesciunt
843 652 919 689 hoc
944 651 1088 701 quibus
1108 650 1236 688 verbis
1265 664 1288 688 a
1317 651 1477 690 Graecis

149 717 226 757 dici
249 718 371 756 soleat
393 717 528 755 sciant.
582 718 722 766 Itaque
743 716 874 754 videte
895 729 975 766 quo
996 717 1115 763 voltu,
1139 728 1218 765 qua
1237 715 1478 753 confidentia

89 795 128 818 10
148 782 306 830 dicant;
340 790 424 821 tum
454 782 686 832 intellegetis
718 795 797 831 qua
827 781 1013 831 religione
1043 782 1188 819 dicant.
1248 782 1477 831 Numquam

146 848 261 886 nobis
285 849 336 886 ad
357 855 534 898 rogatum
556 848 807 897 respondent,
832 859 986 896 semper
1005 845 1224 884 accusatori
1244 846 1331 896 plus
1358 859 1476 895 quam

146 914 197 951 ad
223 920 414 963 rogatum,
441 925 658 962 numquam
686 912 866 950 laborant
891 924 1010 961 quem
1039 912 1090 949 ad
1119 911 1281 949 modum
1310 910 1479 960 probent

146 979 256 1029 quod
285 979 434 1026 dicunt,
467 980 536 1017 sed
568 991 686 1027 quem
716 979 767 1016 ad
799 978 962 1016 modum
993 990 1034 1014 se
1065 976 1260 1026 explicent
1291 975 1476 1013 dicendo.

148 1046 274 1082 Iratus
303 1045 446 1082 Flacco
471 1043 569 1081 dixit
596 1044 655 1081 M.
679 1045 807 1081 Lurco
835 1043 956 1092 quod,
978 1048 1022 1080 ut
1046 1040 1131 1091 ipse
1156 1040 1296 1087 aiebat,
1320 1040 1481 1078 libertus

93 1121 127 1153 15
147 1117 228 1149 erat
249 1109 334 1148 eius
355 1108 458 1159 turpi
489 1107 637 1146 iudicio
657 1109 958 1146 condemnatus.
1019 1105 1129 1144 Nihil
1160 1107 1256 1144 dixit
1277 1106 1386 1155 quod
1407 1106 1481 1143 lae-

148 1176 258 1214 deret
273 1188 376 1221 eum,
396 1187 486 1212 cum
503 1181 688 1224 cuperet;
718 1172 960 1223 impediebat
981 1171 1086 1210 enim
1104 1170 1238 1221 religio
1256 1185 1266 1218 3
1293 1178 1425 1209 tamen
1441 1170 1481 1209 id

147 1242 257 1291 quod
295 1239 391 1278 dixit
426 1247 576 1289 quanto
613 1252 703 1277 cum
739 1239 902 1288 pudore,
939 1251 1019 1288 quo
1052 1244 1221 1275 tremore
1258 1243 1297 1274 et
1335 1237 1482 1286 pallore

148 1305 268 1344 dixit!
313 1306 445 1354 Quam
479 1312 685 1355 promptus
719 1305 842 1342 homo
877 1305 919 1342 P.
952 1301 1176 1353 Septimius,
1208 1314 1327 1351 quam
1362 1300 1482 1339 iratus

149 1372 200 1410 de
239 1370 385 1409 iudicio
424 1377 462 1408 et
500 1371 550 1408 de
583 1369 722 1408 vilico!
770 1371 924 1408 Tamen
959 1367 1189 1415 haesitabat,
1228 1374 1360 1406 tamen
1399 1367 1482 1405 eius

92 1451 132 1472 20
150 1436 375 1475 iracundiae
413 1434 548 1486 religio
587 1448 668 1473 non
707 1448 925 1485 numquam
964 1433 1220 1483 repugnabat.
1293 1431 1482 1470 Inimicus

151 1504 207 1540 M.
232 1501 389 1541 Caelius
416 1501 537 1550 quod,
559 1513 649 1538 cum
677 1499 717 1538 in
747 1513 787 1538 re
817 1498 1024 1537 manifesta
1052 1504 1228 1548 putasset
1258 1498 1367 1535 nefas
1397 1510 1482 1535 esse

150 1566 405 1618 publicanum
444 1565 617 1604 iudicare
655 1572 792 1603 contra
831 1564 1099 1615 publicanum,
1131 1563 1307 1601 sublatus
1346 1570 1427 1601 erat
1461 1576 1483 1600 e

149 1645 313 1670 numero
348 1638 675 1681 recuperatorum,
713 1638 845 1668 tamen
881 1629 1006 1668 tenuit
1040 1642 1082 1667 se
1116 1641 1245 1678 neque
1279 1628 1407 1666 attulit
1442 1627 1482 1666 in

1503 468 1539 491 10

1507 1315 1542 1337 11

150 1695 339 1735 iudicium
368 1695 580 1745 quicquam
607 1696 658 1733 ad
688 1696 928 1733 laedendum
954 1693 1029 1731 nisi
1049 1694 1303 1731 voluntatem.
1364 1692 1421 1730 Hi
1451 1691 1481 1730 si
1501 1695 1526 1734 5

92 1773 131 1806 25
152 1760 291 1800 Graeci
330 1760 503 1806 fuissent,
539 1773 585 1798 ac
624 1759 697 1798 nisi
738 1759 859 1798 nostri
899 1772 1027 1797 mores
1065 1771 1111 1796 ac
1150 1757 1357 1807 disciplina
1395 1758 1482 1807 plus

149 1828 293 1865 valeret
313 1839 432 1876 quam
453 1827 566 1864 dolor
585 1840 631 1865 ac
651 1826 839 1872 simultas,
862 1838 1001 1863 omnes
1023 1837 1064 1862 se
1088 1823 1287 1874 spoliatos,
1309 1831 1484 1870 vexatos,

149 1892 314 1930 fortunis
353 1905 507 1930 eversos
546 1906 632 1931 esse
670 1891 870 1930 dixissent.
945 1892 1119 1929 Graecus
1157 1888 1266 1927 testis
1305 1902 1396 1927 curn
1436 1902 1482 1927 ea

150 1958 351 1995 voluntate
372 1956 560 2007 processit
581 1964 624 1994 ut
643 1957 785 2003 laedat,
808 1969 888 1994 non
910 1954 1002 1993 iuris
1023 1953 1188 2000 iurandi,
1206 1954 1275 1992 sed
1296 1953 1480 1992 laedendi

151 2022 268 2060 verba
297 2020 531 2069 meditatur3
569 2021 684 2069 vinci,
714 2021 846 2068 refelli,
869 2019 1026 2069 coargui
1056 2026 1166 2069 putat
1196 2032 1281 2057 esse
1310 2018 1479 2069 turpissi-

92 2099 287 2134 30mU1n3
332 2087 383 2125 ad
421 2085 462 2125 id
501 2099 542 2125 se
581 2094 701 2137 parat,
742 2085 840 2124 nihil
879 2092 988 2122 curat
1025 2083 1144 2122 aliud.
1219 2084 1360 2133 Itaque
1397 2096 1478 2122 non

196 2206 214 2226 2
240 2195 381 2226 docendi
396 2197 421 2226 Σ
496 2195 660 2236 denique]
674 2195 752 2226 dein
767 2195 821 2225 2b¹
904 2195 1030 2232 siquae
1042 2203 1059 2222 s
1158 2202 1175 2230 7
1201 2191 1280 2221 illud
1300 2195 1340 2221 Σι·
1443 2202 1476 2223 11

153 2240 374 2278 respondetur
390 2242 412 2269 Σ
430 2250 437 2269 :
462 2240 643 2279 respondet
661 2239 690 2269 bl
810 2249 846 2276 14
871 2238 991 2275 agebat
1009 2240 1032 2267 Σ
1065 2246 1141 2265 corr.
1163 2236 1196 2264 in
1214 2236 1299 2274 mg.)
1444 2237 1481 2266 16

152 2292 230 2313 eum
259 2293 332 2312 cum
364 2281 446 2322 Βχε
485 2293 559 2313 curn
592 2282 689 2313 Effe:
726 2292 825 2321 quem
857 2280 924 2312 cod.
951 2279 998 2310 H.
1028 2278 1194 2319 Stephani
1221 2278 1374 2318 (laedere
1404 2289 1478 2309 enm

103 2344 105 2347 ·
154 2330 293 2366 cuperet
310 2326 343 2367 k)
477 2336 518 2366 25
543 2325 671 2366 mores]
690 2326 834 2356 maiores
849 2323 927 2363 Βχσ
