<?xml version="1.0" encoding="UTF-8"?>
<!DOCTYPE html PUBLIC "-//W3C//DTD XHTML 1.0 Transitional//EN"
    "http://www.w3.org/TR/xhtml1/DTD/xhtml1-transitional.dtd">
<html xmlns="http://www.w3.org/1999/xhtml" xml:lang="en" lang="en">
 <head>
  <title>
</title>
<meta http-equiv="Content-Type" content="text/html;charset=utf-8" />
  <meta name='ocr-system' content='tesseract 3.04.00' />
  <meta name='ocr-capabilities' content='ocr_page ocr_carea ocr_par ocr_line ocrx_word'/>
</head>
<body>
  <div class='ocr_page' id='page_1' title='image "./orationesrecogno04ciceuoft/orationesrecogno04ciceuoft_0123.png"; bbox 0 0 1716 2662; ppageno 0'>
   <div class='ocr_carea' id='block_1_1' title="bbox 443 91 1518 132">
    <p class='ocr_par' dir='ltr' id='par_1_1' title="bbox 443 91 1518 132">
     <span class='ocr_line' id='line_1_1' title="bbox 443 91 1518 132; baseline 0 -3"><span class='ocrx_word' id='word_1_1' title='bbox 443 92 550 131; x_wconf 85' lang='lat' dir='ltr'>PRO</span> <span class='ocrx_word' id='word_1_2' title='bbox 582 94 628 130; x_wconf 93' lang='lat' dir='ltr'>A.</span> <span class='ocrx_word' id='word_1_3' title='bbox 661 93 911 132; x_wconf 85' lang='lat' dir='ltr'>CAECINA</span> <span class='ocrx_word' id='word_1_4' title='bbox 942 93 1158 131; x_wconf 78' lang='lat' dir='ltr'>ORATIO</span> <span class='ocrx_word' id='word_1_5' title='bbox 1409 91 1460 129; x_wconf 87' lang='lat'>28</span> <span class='ocrx_word' id='word_1_6' title='bbox 1480 98 1518 129; x_wconf 92' lang='lat'>81</span> 
     </span>
    </p>
   </div>
   <div class='ocr_carea' id='block_1_2' title="bbox 70 202 1530 2305">
    <p class='ocr_par' dir='ltr' id='par_1_2' title="bbox 70 202 1530 2305">
     <span class='ocr_line' id='line_1_2' title="bbox 135 202 1460 254; baseline 0.002 -14"><span class='ocrx_word' id='word_1_7' title='bbox 135 202 428 252; x_wconf 87' lang='lat' dir='ltr'>possessionum</span> <span class='ocrx_word' id='word_1_8' title='bbox 467 202 645 242; x_wconf 85' lang='lat' dir='ltr'>omnium</span> <span class='ocrx_word' id='word_1_9' title='bbox 684 202 922 242; x_wconf 85' lang='lat' dir='ltr'>constituere</span> <span class='ocrx_word' id='word_1_10' title='bbox 957 202 995 241; x_wconf 87' lang='lat' dir='ltr'>in</span> <span class='ocrx_word' id='word_1_11' title='bbox 1031 202 1183 241; x_wconf 79' lang='lat' dir='ltr'>verbo?</span> <span class='ocrx_word' id='word_1_12' title='bbox 1241 204 1325 254; x_wconf 80' lang='lat' dir='ltr'>Ego</span> <span class='ocrx_word' id='word_1_13' title='bbox 1364 203 1460 254; x_wconf 86' lang='lat' dir='ltr'>quid</span> 
     </span>
     <span class='ocr_line' id='line_1_3' title="bbox 135 267 1458 318; baseline 0 -13"><span class='ocrx_word' id='word_1_14' title='bbox 135 267 230 305; x_wconf 87' lang='lat' dir='ltr'>mihi</span> <span class='ocrx_word' id='word_1_15' title='bbox 264 267 472 315; x_wconf 76' lang='lat' dir='ltr'>videretur,</span> <span class='ocrx_word' id='word_1_16' title='bbox 500 268 595 318; x_wconf 87' lang='lat' dir='ltr'>quid</span> <span class='ocrx_word' id='word_1_17' title='bbox 629 281 652 306; x_wconf 85' lang='lat' dir='ltr'>a</span> <span class='ocrx_word' id='word_1_18' title='bbox 679 267 892 306; x_wconf 87' lang='lat' dir='ltr'>maioribus</span> <span class='ocrx_word' id='word_1_19' title='bbox 924 267 1154 314; x_wconf 86' lang='lat' dir='ltr'>factitatum,</span> <span class='ocrx_word' id='word_1_20' title='bbox 1188 267 1283 317; x_wconf 80' lang='lat' dir='ltr'>quid</span> <span class='ocrx_word' id='word_1_21' title='bbox 1319 269 1458 306; x_wconf 83' lang='lat' dir='ltr'>horum</span> 
     </span>
     <span class='ocr_line' id='line_1_4' title="bbox 132 332 1460 384; baseline 0 -13"><span class='ocrx_word' id='word_1_22' title='bbox 132 334 363 372; x_wconf 85' lang='lat' dir='ltr'>auctoritate</span> <span class='ocrx_word' id='word_1_23' title='bbox 393 333 536 383; x_wconf 84' lang='lat' dir='ltr'>quibus</span> <span class='ocrx_word' id='word_1_24' title='bbox 567 332 824 372; x_wconf 87' lang='lat' dir='ltr'>iudicandum</span> <span class='ocrx_word' id='word_1_25' title='bbox 855 341 913 372; x_wconf 88' lang='lat' dir='ltr'>est</span> <span class='ocrx_word' id='word_1_26' title='bbox 944 333 1107 384; x_wconf 85' lang='lat' dir='ltr'>dignum</span> <span class='ocrx_word' id='word_1_27' title='bbox 1140 340 1253 381; x_wconf 86' lang='lat' dir='ltr'>esset,</span> <span class='ocrx_word' id='word_1_28' title='bbox 1277 333 1460 380; x_wconf 81' lang='lat' dir='ltr'>ostendi3</span> 
     </span>
     <span class='ocr_line' id='line_1_5' title="bbox 133 397 1460 448; baseline 0 -12"><span class='ocrx_word' id='word_1_29' title='bbox 133 397 174 437; x_wconf 92' lang='lat' dir='ltr'>id</span> <span class='ocrx_word' id='word_1_30' title='bbox 203 411 348 445; x_wconf 78' lang='lat' dir='ltr'>verum,</span> <span class='ocrx_word' id='word_1_31' title='bbox 378 397 418 436; x_wconf 88' lang='lat' dir='ltr'>id</span> <span class='ocrx_word' id='word_1_32' title='bbox 447 411 633 448; x_wconf 84' lang='lat' dir='ltr'>aequum,</span> <span class='ocrx_word' id='word_1_33' title='bbox 663 397 703 436; x_wconf 88' lang='lat' dir='ltr'>id</span> <span class='ocrx_word' id='word_1_34' title='bbox 731 397 823 436; x_wconf 85' lang='lat' dir='ltr'>utile</span> <span class='ocrx_word' id='word_1_35' title='bbox 849 397 1034 436; x_wconf 88' lang='lat' dir='ltr'>omnibus</span> <span class='ocrx_word' id='word_1_36' title='bbox 1066 412 1150 436; x_wconf 78' lang='lat' dir='ltr'>esse</span> <span class='ocrx_word' id='word_1_37' title='bbox 1179 397 1356 448; x_wconf 85' lang='lat' dir='ltr'>spectari,</span> <span class='ocrx_word' id='word_1_38' title='bbox 1380 411 1460 448; x_wconf 86' lang='lat' dir='ltr'>quo</span> 
     </span>
     <span class='ocr_line' id='line_1_6' title="bbox 94 462 1459 513; baseline 0 -13"><span class='ocrx_word' id='word_1_39' title='bbox 94 462 298 509; x_wconf 87' lang='lat' dir='ltr'>5consilio</span> <span class='ocrx_word' id='word_1_40' title='bbox 336 471 374 500; x_wconf 88' lang='lat' dir='ltr'>et</span> <span class='ocrx_word' id='word_1_41' title='bbox 411 476 489 512; x_wconf 89' lang='lat' dir='ltr'>qua</span> <span class='ocrx_word' id='word_1_42' title='bbox 532 462 738 510; x_wconf 83' lang='lat' dir='ltr'>sententia,</span> <span class='ocrx_word' id='word_1_43' title='bbox 778 476 859 501; x_wconf 91' lang='lat' dir='ltr'>non</span> <span class='ocrx_word' id='word_1_44' title='bbox 908 462 1051 512; x_wconf 81' lang='lat' dir='ltr'>quibus</span> <span class='ocrx_word' id='word_1_45' title='bbox 1101 462 1277 513; x_wconf 81' lang='lat' dir='ltr'>quidque</span> <span class='ocrx_word' id='word_1_46' title='bbox 1331 462 1459 501; x_wconf 81' lang='lat' dir='ltr'>verbis</span> 
     </span>
     <span class='ocr_line' id='line_1_7' title="bbox 133 527 1458 575; baseline 0 -9"><span class='ocrx_word' id='word_1_47' title='bbox 133 535 235 567; x_wconf 88' lang='lat' dir='ltr'>esset</span> <span class='ocrx_word' id='word_1_48' title='bbox 253 536 397 566; x_wconf 86' lang='lat' dir='ltr'>actum.</span> <span class='ocrx_word' id='word_1_49' title='bbox 458 529 521 566; x_wconf 83' lang='lat' dir='ltr'>Tu</span> <span class='ocrx_word' id='word_1_50' title='bbox 553 542 615 566; x_wconf 88' lang='lat' dir='ltr'>me</span> <span class='ocrx_word' id='word_1_51' title='bbox 645 529 695 566; x_wconf 88' lang='lat' dir='ltr'>ad</span> <span class='ocrx_word' id='word_1_52' title='bbox 725 528 888 566; x_wconf 79' lang='lat' dir='ltr'>verbum</span> <span class='ocrx_word' id='word_1_53' title='bbox 910 541 1026 566; x_wconf 85' lang='lat' dir='ltr'>vocas</span> <span class='ocrx_word' id='word_1_54' title='bbox 1042 543 1051 575; x_wconf 78' lang='lat'>3</span> <span class='ocrx_word' id='word_1_55' title='bbox 1082 541 1162 566; x_wconf 90' lang='lat' dir='ltr'>non</span> <span class='ocrx_word' id='word_1_56' title='bbox 1192 535 1283 566; x_wconf 84' lang='lat' dir='ltr'>ante</span> <span class='ocrx_word' id='word_1_57' title='bbox 1304 527 1458 566; x_wconf 85' lang='lat' dir='ltr'>veniam</span> 
     </span>
     <span class='ocr_line' id='line_1_8' title="bbox 132 592 1460 643; baseline 0.001 -13"><span class='ocrx_word' id='word_1_58' title='bbox 132 607 251 643; x_wconf 84' lang='lat' dir='ltr'>quam</span> <span class='ocrx_word' id='word_1_59' title='bbox 281 606 473 631; x_wconf 85' lang='lat' dir='ltr'>recusaro.</span> <span class='ocrx_word' id='word_1_60' title='bbox 532 594 646 643; x_wconf 77' lang='lat' dir='ltr'>Nego</span> <span class='ocrx_word' id='word_1_61' title='bbox 680 600 870 643; x_wconf 77' lang='lat' dir='ltr'><strong>oportere,</strong></span> <span class='ocrx_word' id='word_1_62' title='bbox 894 606 995 642; x_wconf 83' lang='lat' dir='ltr'>nego</span> <span class='ocrx_word' id='word_1_63' title='bbox 1020 592 1187 631; x_wconf 83' lang='lat' dir='ltr'>obtineri</span> <span class='ocrx_word' id='word_1_64' title='bbox 1210 606 1335 642; x_wconf 86' lang='lat' dir='ltr'>posse,</span> <span class='ocrx_word' id='word_1_65' title='bbox 1359 606 1460 642; x_wconf 85' lang='lat' dir='ltr'>nego</span> 
     </span>
     <span class='ocr_line' id='line_1_9' title="bbox 132 657 1460 708; baseline -0.001 -12"><span class='ocrx_word' id='word_1_66' title='bbox 132 659 250 696; x_wconf 87' lang='lat' dir='ltr'>ullam</span> <span class='ocrx_word' id='word_1_67' title='bbox 281 672 362 696; x_wconf 91' lang='lat' dir='ltr'>rem</span> <span class='ocrx_word' id='word_1_68' title='bbox 386 672 472 696; x_wconf 85' lang='lat' dir='ltr'>esse</span> <span class='ocrx_word' id='word_1_69' title='bbox 499 671 602 708; x_wconf 83' lang='lat' dir='ltr'>quae</span> <span class='ocrx_word' id='word_1_70' title='bbox 628 666 694 696; x_wconf 86' lang='lat' dir='ltr'>aut</span> <span class='ocrx_word' id='word_1_71' title='bbox 719 659 1004 708; x_wconf 85' lang='lat' dir='ltr'>comprehendi</span> <span class='ocrx_word' id='word_1_72' title='bbox 1027 657 1118 696; x_wconf 84' lang='lat' dir='ltr'>satis</span> <span class='ocrx_word' id='word_1_73' title='bbox 1149 665 1215 696; x_wconf 90' lang='lat' dir='ltr'>aut</span> <span class='ocrx_word' id='word_1_74' title='bbox 1243 657 1368 696; x_wconf 88' lang='lat' dir='ltr'>caveri</span> <span class='ocrx_word' id='word_1_75' title='bbox 1393 665 1460 696; x_wconf 87' lang='lat' dir='ltr'>aut</span> 
     </span>
     <span class='ocr_line' id='line_1_10' title="bbox 131 722 1459 774; baseline -0.002 -12"><span class='ocrx_word' id='word_1_76' title='bbox 131 723 257 774; x_wconf 81' lang='lat' dir='ltr'>excipi</span> <span class='ocrx_word' id='word_1_77' title='bbox 286 723 420 774; x_wconf 83' lang='lat' dir='ltr'>possit,</span> <span class='ocrx_word' id='word_1_78' title='bbox 457 723 488 761; x_wconf 85' lang='lat' dir='ltr'>si</span> <span class='ocrx_word' id='word_1_79' title='bbox 522 731 588 762; x_wconf 86' lang='lat' dir='ltr'>aut</span> <span class='ocrx_word' id='word_1_80' title='bbox 623 723 832 774; x_wconf 85' lang='lat' dir='ltr'>praeterito</span> <span class='ocrx_word' id='word_1_81' title='bbox 864 724 997 773; x_wconf 80' lang='lat' dir='ltr'>aliquo</span> <span class='ocrx_word' id='word_1_82' title='bbox 1028 723 1148 762; x_wconf 89' lang='lat' dir='ltr'>verbo</span> <span class='ocrx_word' id='word_1_83' title='bbox 1180 730 1247 761; x_wconf 87' lang='lat' dir='ltr'>aut</span> <span class='ocrx_word' id='word_1_84' title='bbox 1276 722 1459 773; x_wconf 75' lang='lat' dir='ltr'>ambigue</span> 
     </span>
     <span class='ocr_line' id='line_1_11' title="bbox 74 788 1459 840; baseline 0.001 -13"><span class='ocrx_word' id='word_1_85' title='bbox 74 804 112 827; x_wconf 86' lang='lat'>10</span> <span class='ocrx_word' id='word_1_86' title='bbox 131 789 260 840; x_wconf 84' lang='lat' dir='ltr'>posito</span> <span class='ocrx_word' id='word_1_87' title='bbox 284 804 323 828; x_wconf 91' lang='lat' dir='ltr'>re</span> <span class='ocrx_word' id='word_1_88' title='bbox 353 798 390 829; x_wconf 82' lang='lat' dir='ltr'>et</span> <span class='ocrx_word' id='word_1_89' title='bbox 420 789 615 828; x_wconf 87' lang='lat' dir='ltr'>sententia</span> <span class='ocrx_word' id='word_1_90' title='bbox 635 789 792 840; x_wconf 84' lang='lat' dir='ltr'>cognita</span> <span class='ocrx_word' id='word_1_91' title='bbox 813 803 894 828; x_wconf 92' lang='lat' dir='ltr'>non</span> <span class='ocrx_word' id='word_1_92' title='bbox 921 789 960 828; x_wconf 92' lang='lat' dir='ltr'>id</span> <span class='ocrx_word' id='word_1_93' title='bbox 989 790 1097 840; x_wconf 83' lang='lat' dir='ltr'>quod</span> <span class='ocrx_word' id='word_1_94' title='bbox 1120 788 1365 839; x_wconf 84' lang='lat' dir='ltr'>intellegitur,</span> <span class='ocrx_word' id='word_1_95' title='bbox 1390 790 1459 828; x_wconf 90' lang='lat' dir='ltr'>sed</span> 
     </span>
     <span class='ocr_line' id='line_1_12' title="bbox 131 854 1530 931; baseline 0 -38"><span class='ocrx_word' id='word_1_96' title='bbox 131 854 170 894; x_wconf 88' lang='lat' dir='ltr'>id</span> <span class='ocrx_word' id='word_1_97' title='bbox 191 856 300 906; x_wconf 86' lang='lat' dir='ltr'>quod</span> <span class='ocrx_word' id='word_1_98' title='bbox 320 855 462 894; x_wconf 90' lang='lat' dir='ltr'>dicitur</span> <span class='ocrx_word' id='word_1_99' title='bbox 482 855 638 894; x_wconf 78' lang='lat' dir='ltr'><strong>valebit.</strong></span> <span class='ocrx_word' id='word_1_100' title='bbox 1477 894 1530 931; x_wconf 73' lang='lat'>29</span> 
     </span>
     <span class='ocr_line' id='line_1_13' title="bbox 184 920 1517 975; baseline -0.002 -16"><span class='ocrx_word' id='word_1_101' title='bbox 184 920 386 970; x_wconf 80' lang='lat' dir='ltr'>Quoniam</span> <span class='ocrx_word' id='word_1_102' title='bbox 415 920 508 959; x_wconf 90' lang='lat' dir='ltr'>satis</span> <span class='ocrx_word' id='word_1_103' title='bbox 538 920 722 967; x_wconf 78' lang='lat' dir='ltr'>recusavi,</span> <span class='ocrx_word' id='word_1_104' title='bbox 750 920 864 959; x_wconf 73' lang='lat' dir='ltr'>venio</span> <span class='ocrx_word' id='word_1_105' title='bbox 894 920 971 958; x_wconf 90' lang='lat' dir='ltr'>iam</span> <span class='ocrx_word' id='word_1_106' title='bbox 1001 934 1081 970; x_wconf 89' lang='lat' dir='ltr'>quo</span> <span class='ocrx_word' id='word_1_107' title='bbox 1111 933 1238 959; x_wconf 84' lang='lat' dir='ltr'>vocas.</span> <span class='ocrx_word' id='word_1_108' title='bbox 1299 920 1457 966; x_wconf 87' lang='lat' dir='ltr'>Quaero</span> <span class='ocrx_word' id='word_1_109' title='bbox 1478 946 1517 975; x_wconf 73' lang='lat'>82</span> 
     </span>
     <span class='ocr_line' id='line_1_14' title="bbox 129 985 1458 1034; baseline -0.001 -10"><span class='ocrx_word' id='word_1_110' title='bbox 129 987 199 1024; x_wconf 82' lang='lat' dir='ltr'>abs</span> <span class='ocrx_word' id='word_1_111' title='bbox 232 994 270 1024; x_wconf 90' lang='lat' dir='ltr'>te</span> <span class='ocrx_word' id='word_1_112' title='bbox 301 985 427 1024; x_wconf 88' lang='lat' dir='ltr'>simne</span> <span class='ocrx_word' id='word_1_113' title='bbox 457 985 645 1032; x_wconf 89' lang='lat' dir='ltr'>deiectus,</span> <span class='ocrx_word' id='word_1_114' title='bbox 678 999 758 1023; x_wconf 92' lang='lat' dir='ltr'>non</span> <span class='ocrx_word' id='word_1_115' title='bbox 790 987 840 1024; x_wconf 92' lang='lat' dir='ltr'>de</span> <span class='ocrx_word' id='word_1_116' title='bbox 877 985 1108 1024; x_wconf 84' lang='lat' dir='ltr'>Fulciniano</span> <span class='ocrx_word' id='word_1_117' title='bbox 1137 986 1285 1031; x_wconf 71' lang='lat' dir='ltr'>fundo,</span> <span class='ocrx_word' id='word_1_118' title='bbox 1330 998 1458 1034; x_wconf 83' lang='lat' dir='ltr'>neque</span> 
     </span>
     <span class='ocr_line' id='line_1_15' title="bbox 131 1050 1459 1101; baseline -0.002 -11"><span class='ocrx_word' id='word_1_119' title='bbox 131 1052 236 1090; x_wconf 87' lang='lat' dir='ltr'>enim</span> <span class='ocrx_word' id='word_1_120' title='bbox 270 1059 439 1101; x_wconf 88' lang='lat' dir='ltr'>praetor,</span> <span class='ocrx_word' id='word_1_121' title='bbox 476 1050 532 1089; x_wconf 85' lang='lat' dir='ltr'>‘si</span> <span class='ocrx_word' id='word_1_122' title='bbox 567 1065 619 1089; x_wconf 82' lang='lat' dir='ltr'>ex</span> <span class='ocrx_word' id='word_1_123' title='bbox 652 1065 704 1090; x_wconf 88' lang='lat' dir='ltr'>eo</span> <span class='ocrx_word' id='word_1_124' title='bbox 740 1052 885 1090; x_wconf 90' lang='lat' dir='ltr'>fundo</span> <span class='ocrx_word' id='word_1_125' title='bbox 919 1065 1046 1090; x_wconf 88' lang='lat' dir='ltr'>essem</span> <span class='ocrx_word' id='word_1_126' title='bbox 1081 1050 1282 1097; x_wconf 83' lang='lat' dir='ltr'>deiectus,&#39;</span> <span class='ocrx_word' id='word_1_127' title='bbox 1314 1050 1366 1088; x_wconf 90' lang='lat' dir='ltr'>ita</span> <span class='ocrx_word' id='word_1_128' title='bbox 1397 1064 1459 1088; x_wconf 83' lang='lat' dir='ltr'>mc</span> 
     </span>
     <span class='ocr_line' id='line_1_16' title="bbox 73 1115 1460 1164; baseline -0.001 -11"><span class='ocrx_word' id='word_1_129' title='bbox 73 1130 109 1164; x_wconf 84' lang='lat'>15</span> <span class='ocrx_word' id='word_1_130' title='bbox 130 1115 277 1154; x_wconf 89' lang='lat' dir='ltr'>restitui</span> <span class='ocrx_word' id='word_1_131' title='bbox 310 1115 432 1163; x_wconf 86' lang='lat' dir='ltr'>iussit,</span> <span class='ocrx_word' id='word_1_132' title='bbox 469 1117 540 1154; x_wconf 86' lang='lat' dir='ltr'>sed</span> <span class='ocrx_word' id='word_1_133' title='bbox 577 1119 654 1154; x_wconf 91' lang='lat' dir='ltr'>‘eo</span> <span class='ocrx_word' id='word_1_134' title='bbox 693 1117 816 1155; x_wconf 88' lang='lat' dir='ltr'>unde</span> <span class='ocrx_word' id='word_1_135' title='bbox 845 1116 1020 1154; x_wconf 82' lang='lat' dir='ltr'>deiectus</span> <span class='ocrx_word' id='word_1_136' title='bbox 1057 1117 1208 1154; x_wconf 86' lang='lat' dir='ltr'>essem.&#39;</span> <span class='ocrx_word' id='word_1_137' title='bbox 1289 1117 1383 1154; x_wconf 87' lang='lat' dir='ltr'>Sum</span> <span class='ocrx_word' id='word_1_138' title='bbox 1415 1129 1460 1153; x_wconf 82' lang='lat' dir='ltr'>ex</span> 
     </span>
     <span class='ocr_line' id='line_1_17' title="bbox 129 1179 1460 1231; baseline 0 -13"><span class='ocrx_word' id='word_1_139' title='bbox 129 1180 307 1230; x_wconf 83' lang='lat' dir='ltr'>proximo</span> <span class='ocrx_word' id='word_1_140' title='bbox 336 1180 453 1219; x_wconf 91' lang='lat' dir='ltr'>vicini</span> <span class='ocrx_word' id='word_1_141' title='bbox 483 1182 607 1219; x_wconf 91' lang='lat' dir='ltr'>fundo</span> <span class='ocrx_word' id='word_1_142' title='bbox 637 1180 826 1228; x_wconf 79' lang='lat' dir='ltr'>deiectus,</span> <span class='ocrx_word' id='word_1_143' title='bbox 847 1194 924 1231; x_wconf 83' lang='lat' dir='ltr'>qua</span> <span class='ocrx_word' id='word_1_144' title='bbox 957 1180 1117 1228; x_wconf 78' lang='lat' dir='ltr'>adibam</span> <span class='ocrx_word' id='word_1_145' title='bbox 1148 1181 1198 1219; x_wconf 88' lang='lat' dir='ltr'>ad</span> <span class='ocrx_word' id='word_1_146' title='bbox 1230 1179 1346 1218; x_wconf 88' lang='lat' dir='ltr'>istum</span> <span class='ocrx_word' id='word_1_147' title='bbox 1378 1182 1460 1218; x_wconf 84' lang='lat' dir='ltr'>fun-</span> 
     </span>
     <span class='ocr_line' id='line_1_18' title="bbox 130 1245 1459 1295; baseline -0.001 -11"><span class='ocrx_word' id='word_1_148' title='bbox 130 1247 237 1293; x_wconf 89' lang='lat' dir='ltr'>dum,</span> <span class='ocrx_word' id='word_1_149' title='bbox 261 1260 348 1285; x_wconf 87' lang='lat' dir='ltr'>sum</span> <span class='ocrx_word' id='word_1_150' title='bbox 376 1247 427 1284; x_wconf 89' lang='lat' dir='ltr'>de</span> <span class='ocrx_word' id='word_1_151' title='bbox 448 1246 519 1293; x_wconf 83' lang='lat' dir='ltr'>via,</span> <span class='ocrx_word' id='word_1_152' title='bbox 544 1260 630 1284; x_wconf 90' lang='lat' dir='ltr'>sum</span> <span class='ocrx_word' id='word_1_153' title='bbox 653 1254 757 1285; x_wconf 89' lang='lat' dir='ltr'>certe</span> <span class='ocrx_word' id='word_1_154' title='bbox 781 1245 974 1292; x_wconf 75' lang='lat' dir='ltr'>alicunde,</span> <span class='ocrx_word' id='word_1_155' title='bbox 1006 1245 1087 1284; x_wconf 81' lang='lat' dir='ltr'>sive</span> <span class='ocrx_word' id='word_1_156' title='bbox 1118 1246 1168 1284; x_wconf 89' lang='lat' dir='ltr'>de</span> <span class='ocrx_word' id='word_1_157' title='bbox 1200 1245 1349 1295; x_wconf 86' lang='lat' dir='ltr'>privato</span> <span class='ocrx_word' id='word_1_158' title='bbox 1380 1245 1459 1284; x_wconf 80' lang='lat' dir='ltr'>sive</span> 
     </span>
     <span class='ocr_line' id='line_1_19' title="bbox 129 1310 1460 1362; baseline -0.002 -12"><span class='ocrx_word' id='word_1_159' title='bbox 129 1312 179 1350; x_wconf 91' lang='lat' dir='ltr'>de</span> <span class='ocrx_word' id='word_1_160' title='bbox 208 1311 394 1362; x_wconf 85' lang='lat' dir='ltr'>publico3</span> <span class='ocrx_word' id='word_1_161' title='bbox 434 1324 482 1349; x_wconf 92' lang='lat' dir='ltr'>eo</span> <span class='ocrx_word' id='word_1_162' title='bbox 509 1310 658 1349; x_wconf 84' lang='lat' dir='ltr'>restitui</span> <span class='ocrx_word' id='word_1_163' title='bbox 687 1324 774 1349; x_wconf 88' lang='lat' dir='ltr'>sum</span> <span class='ocrx_word' id='word_1_164' title='bbox 805 1310 942 1349; x_wconf 84' lang='lat' dir='ltr'>iussus.</span> <span class='ocrx_word' id='word_1_165' title='bbox 1008 1310 1242 1349; x_wconf 86' lang='lat' dir='ltr'>Restituisse</span> <span class='ocrx_word' id='word_1_166' title='bbox 1273 1318 1311 1349; x_wconf 88' lang='lat' dir='ltr'>te</span> <span class='ocrx_word' id='word_1_167' title='bbox 1340 1310 1460 1359; x_wconf 68' lang='lat' dir='ltr'>dixti,</span> 
     </span>
     <span class='ocr_line' id='line_1_20' title="bbox 130 1376 1458 1427; baseline 0 -12"><span class='ocrx_word' id='word_1_168' title='bbox 130 1391 230 1427; x_wconf 84' lang='lat' dir='ltr'>nego</span> <span class='ocrx_word' id='word_1_169' title='bbox 251 1391 314 1415; x_wconf 92' lang='lat' dir='ltr'>me</span> <span class='ocrx_word' id='word_1_170' title='bbox 330 1391 377 1415; x_wconf 86' lang='lat' dir='ltr'>ex</span> <span class='ocrx_word' id='word_1_171' title='bbox 393 1378 552 1415; x_wconf 86' lang='lat' dir='ltr'>decreto</span> <span class='ocrx_word' id='word_1_172' title='bbox 568 1376 755 1427; x_wconf 88' lang='lat' dir='ltr'>praetoris</span> <span class='ocrx_word' id='word_1_173' title='bbox 773 1376 993 1414; x_wconf 88' lang='lat' dir='ltr'>restitutum</span> <span class='ocrx_word' id='word_1_174' title='bbox 1013 1390 1107 1414; x_wconf 84' lang='lat' dir='ltr'>esse.</span> <span class='ocrx_word' id='word_1_175' title='bbox 1173 1376 1281 1424; x_wconf 84' lang='lat' dir='ltr'>Quid</span> <span class='ocrx_word' id='word_1_176' title='bbox 1295 1377 1346 1415; x_wconf 91' lang='lat' dir='ltr'>ad</span> <span class='ocrx_word' id='word_1_177' title='bbox 1363 1377 1458 1415; x_wconf 90' lang='lat' dir='ltr'>haec</span> 
     </span>
     <span class='ocr_line' id='line_1_21' title="bbox 72 1440 1459 1491; baseline 0.001 -12"><span class='ocrx_word' id='word_1_178' title='bbox 72 1457 110 1479; x_wconf 84' lang='lat'>20</span> <span class='ocrx_word' id='word_1_179' title='bbox 129 1442 327 1480; x_wconf 76' lang='lat' dir='ltr'>dicimus?</span> <span class='ocrx_word' id='word_1_180' title='bbox 383 1443 464 1479; x_wconf 80' lang='lat' dir='ltr'>Aut</span> <span class='ocrx_word' id='word_1_181' title='bbox 498 1449 576 1487; x_wconf 85' lang='lat' dir='ltr'>tuo,</span> <span class='ocrx_word' id='word_1_182' title='bbox 612 1454 730 1490; x_wconf 86' lang='lat' dir='ltr'>quem</span> <span class='ocrx_word' id='word_1_183' title='bbox 762 1442 813 1479; x_wconf 90' lang='lat' dir='ltr'>ad</span> <span class='ocrx_word' id='word_1_184' title='bbox 846 1442 1010 1479; x_wconf 88' lang='lat' dir='ltr'>modum</span> <span class='ocrx_word' id='word_1_185' title='bbox 1046 1440 1197 1487; x_wconf 85' lang='lat' dir='ltr'>dicitur,</span> <span class='ocrx_word' id='word_1_186' title='bbox 1233 1441 1364 1491; x_wconf 81' lang='lat' dir='ltr'>gladio</span> <span class='ocrx_word' id='word_1_187' title='bbox 1393 1450 1459 1480; x_wconf 88' lang='lat' dir='ltr'>aut</span> 
     </span>
     <span class='ocr_line' id='line_1_22' title="bbox 128 1506 1517 1554; baseline -0.001 -8"><span class='ocrx_word' id='word_1_188' title='bbox 128 1516 263 1546; x_wconf 88' lang='lat' dir='ltr'>nostro</span> <span class='ocrx_word' id='word_1_189' title='bbox 283 1507 462 1546; x_wconf 81' lang='lat' dir='ltr'>defensio</span> <span class='ocrx_word' id='word_1_190' title='bbox 482 1515 548 1545; x_wconf 86' lang='lat' dir='ltr'>tua</span> <span class='ocrx_word' id='word_1_191' title='bbox 568 1506 798 1545; x_wconf 86' lang='lat' dir='ltr'>conficiatur</span> <span class='ocrx_word' id='word_1_192' title='bbox 818 1520 979 1545; x_wconf 88' lang='lat' dir='ltr'>necesse</span> <span class='ocrx_word' id='word_1_193' title='bbox 1001 1514 1068 1544; x_wconf 87' lang='lat' dir='ltr'>est.</span> <span class='ocrx_word' id='word_1_194' title='bbox 1131 1506 1169 1545; x_wconf 81' lang='lat' dir='ltr'>si</span> <span class='ocrx_word' id='word_1_195' title='bbox 1191 1508 1242 1546; x_wconf 91' lang='lat' dir='ltr'>ad</span> <span class='ocrx_word' id='word_1_196' title='bbox 1264 1506 1459 1546; x_wconf 86' lang='lat' dir='ltr'>interdicti</span> <span class='ocrx_word' id='word_1_197' title='bbox 1477 1515 1517 1554; x_wconf 77' lang='lat'>85</span> 
     </span>
     <span class='ocr_line' id='line_1_23' title="bbox 130 1571 1457 1622; baseline 0 -11"><span class='ocrx_word' id='word_1_198' title='bbox 130 1572 365 1612; x_wconf 84' lang='lat' dir='ltr'>sententiam</span> <span class='ocrx_word' id='word_1_199' title='bbox 395 1571 574 1622; x_wconf 79' lang='lat' dir='ltr'>confugis</span> <span class='ocrx_word' id='word_1_200' title='bbox 604 1579 652 1619; x_wconf 84' lang='lat' dir='ltr'>et,</span> <span class='ocrx_word' id='word_1_201' title='bbox 676 1573 726 1610; x_wconf 90' lang='lat' dir='ltr'>de</span> <span class='ocrx_word' id='word_1_202' title='bbox 757 1585 837 1621; x_wconf 88' lang='lat' dir='ltr'>quo</span> <span class='ocrx_word' id='word_1_203' title='bbox 862 1573 987 1610; x_wconf 88' lang='lat' dir='ltr'>fundo</span> <span class='ocrx_word' id='word_1_204' title='bbox 1013 1579 1145 1610; x_wconf 86' lang='lat' dir='ltr'>actum</span> <span class='ocrx_word' id='word_1_205' title='bbox 1178 1572 1227 1610; x_wconf 85' lang='lat' dir='ltr'>sit</span> <span class='ocrx_word' id='word_1_206' title='bbox 1258 1580 1339 1611; x_wconf 88' lang='lat' dir='ltr'>tum</span> <span class='ocrx_word' id='word_1_207' title='bbox 1368 1587 1457 1612; x_wconf 88' lang='lat' dir='ltr'>cum</span> 
     </span>
     <span class='ocr_line' id='line_1_24' title="bbox 129 1637 1458 1687; baseline 0 -10"><span class='ocrx_word' id='word_1_208' title='bbox 129 1638 323 1677; x_wconf 82' lang='lat' dir='ltr'>Aebutius</span> <span class='ocrx_word' id='word_1_209' title='bbox 362 1637 563 1676; x_wconf 80' lang='lat' dir='ltr'>restituere</span> <span class='ocrx_word' id='word_1_210' title='bbox 604 1637 821 1683; x_wconf 83' lang='lat' dir='ltr'>iubebatur,</span> <span class='ocrx_word' id='word_1_211' title='bbox 855 1637 895 1676; x_wconf 90' lang='lat' dir='ltr'>id</span> <span class='ocrx_word' id='word_1_212' title='bbox 925 1639 1195 1687; x_wconf 88' lang='lat' dir='ltr'>quaerendum</span> <span class='ocrx_word' id='word_1_213' title='bbox 1238 1652 1322 1676; x_wconf 87' lang='lat' dir='ltr'>esse</span> <span class='ocrx_word' id='word_1_214' title='bbox 1360 1638 1458 1677; x_wconf 76' lang='lat' dir='ltr'>dicis</span> 
     </span>
     <span class='ocr_line' id='line_1_25' title="bbox 129 1701 1457 1754; baseline 0 -13"><span class='ocrx_word' id='word_1_215' title='bbox 129 1716 258 1754; x_wconf 84' lang='lat' dir='ltr'>neque</span> <span class='ocrx_word' id='word_1_216' title='bbox 286 1702 525 1753; x_wconf 83' lang='lat' dir='ltr'>aequitatem</span> <span class='ocrx_word' id='word_1_217' title='bbox 555 1701 609 1740; x_wconf 87' lang='lat' dir='ltr'>rei</span> <span class='ocrx_word' id='word_1_218' title='bbox 630 1701 737 1740; x_wconf 84' lang='lat' dir='ltr'>verbi</span> <span class='ocrx_word' id='word_1_219' title='bbox 767 1703 910 1752; x_wconf 85' lang='lat' dir='ltr'>laqueo</span> <span class='ocrx_word' id='word_1_220' title='bbox 940 1702 1027 1752; x_wconf 87' lang='lat' dir='ltr'>capi</span> <span class='ocrx_word' id='word_1_221' title='bbox 1059 1710 1173 1752; x_wconf 84' lang='lat' dir='ltr'>putas</span> <span class='ocrx_word' id='word_1_222' title='bbox 1206 1711 1396 1752; x_wconf 80' lang='lat' dir='ltr'>oportere,</span> <span class='ocrx_word' id='word_1_223' title='bbox 1420 1704 1457 1741; x_wconf 93' lang='lat' dir='ltr'>in</span> 
     </span>
     <span class='ocr_line' id='line_1_26' title="bbox 70 1767 1458 1818; baseline 0.001 -11"><span class='ocrx_word' id='word_1_224' title='bbox 70 1783 108 1816; x_wconf 82' lang='lat'>²5</span> <span class='ocrx_word' id='word_1_225' title='bbox 130 1768 226 1807; x_wconf 85' lang='lat' dir='ltr'>meis</span> <span class='ocrx_word' id='word_1_226' title='bbox 256 1767 388 1807; x_wconf 82' lang='lat' dir='ltr'>castris</span> <span class='ocrx_word' id='word_1_227' title='bbox 418 1767 701 1818; x_wconf 76' lang='lat' dir='ltr'>praesidiisque</span> <span class='ocrx_word' id='word_1_228' title='bbox 735 1767 920 1811; x_wconf 85' lang='lat' dir='ltr'>versaris;</span> <span class='ocrx_word' id='word_1_229' title='bbox 958 1781 1054 1816; x_wconf 84' lang='lat' dir='ltr'>mea,</span> <span class='ocrx_word' id='word_1_230' title='bbox 1088 1782 1176 1806; x_wconf 88' lang='lat' dir='ltr'>mea</span> <span class='ocrx_word' id='word_1_231' title='bbox 1206 1776 1264 1807; x_wconf 83' lang='lat' dir='ltr'>est</span> <span class='ocrx_word' id='word_1_232' title='bbox 1294 1768 1366 1807; x_wconf 86' lang='lat' dir='ltr'>ista</span> <span class='ocrx_word' id='word_1_233' title='bbox 1395 1771 1458 1808; x_wconf 87' lang='lat' dir='ltr'>de-</span> 
     </span>
     <span class='ocr_line' id='line_1_27' title="bbox 129 1833 1457 1885; baseline 0.001 -13"><span class='ocrx_word' id='word_1_234' title='bbox 129 1833 265 1881; x_wconf 82' lang='lat' dir='ltr'>fensio,</span> <span class='ocrx_word' id='word_1_235' title='bbox 307 1847 380 1884; x_wconf 81' lang='lat' dir='ltr'>ego</span> <span class='ocrx_word' id='word_1_236' title='bbox 419 1835 495 1872; x_wconf 90' lang='lat' dir='ltr'>hoc</span> <span class='ocrx_word' id='word_1_237' title='bbox 535 1833 736 1881; x_wconf 85' lang='lat' dir='ltr'>vociferor,</span> <span class='ocrx_word' id='word_1_238' title='bbox 775 1848 848 1884; x_wconf 71' lang='lat' dir='ltr'>ego</span> <span class='ocrx_word' id='word_1_239' title='bbox 889 1833 1018 1871; x_wconf 84' lang='lat' dir='ltr'>omnis</span> <span class='ocrx_word' id='word_1_240' title='bbox 1060 1833 1241 1873; x_wconf 90' lang='lat' dir='ltr'>homines</span> <span class='ocrx_word' id='word_1_241' title='bbox 1282 1836 1457 1885; x_wconf 81' lang='lat' dir='ltr'>deosque</span> 
     </span>
     <span class='ocr_line' id='line_1_28' title="bbox 128 1899 1458 1948; baseline 0 -9"><span class='ocrx_word' id='word_1_242' title='bbox 128 1908 258 1948; x_wconf 87' lang='lat' dir='ltr'>testor,</span> <span class='ocrx_word' id='word_1_243' title='bbox 274 1914 365 1939; x_wconf 89' lang='lat' dir='ltr'>cum</span> <span class='ocrx_word' id='word_1_244' title='bbox 387 1900 552 1939; x_wconf 87' lang='lat' dir='ltr'>maiores</span> <span class='ocrx_word' id='word_1_245' title='bbox 572 1900 651 1938; x_wconf 81' lang='lat' dir='ltr'>vim</span> <span class='ocrx_word' id='word_1_246' title='bbox 668 1908 857 1938; x_wconf 83' lang='lat' dir='ltr'>armatam</span> <span class='ocrx_word' id='word_1_247' title='bbox 875 1901 982 1938; x_wconf 86' lang='lat' dir='ltr'>nulla</span> <span class='ocrx_word' id='word_1_248' title='bbox 996 1899 1087 1939; x_wconf 89' lang='lat' dir='ltr'>iuris</span> <span class='ocrx_word' id='word_1_249' title='bbox 1111 1900 1341 1939; x_wconf 85' lang='lat' dir='ltr'>defensione</span> <span class='ocrx_word' id='word_1_250' title='bbox 1359 1909 1458 1939; x_wconf 79' lang='lat' dir='ltr'>texe-</span> 
     </span>
     <span class='ocr_line' id='line_1_29' title="bbox 127 1964 1458 2015; baseline 0 -12"><span class='ocrx_word' id='word_1_251' title='bbox 127 1964 214 2011; x_wconf 90' lang='lat' dir='ltr'>rint,</span> <span class='ocrx_word' id='word_1_252' title='bbox 237 1979 317 2003; x_wconf 88' lang='lat' dir='ltr'>non</span> <span class='ocrx_word' id='word_1_253' title='bbox 347 1965 554 2015; x_wconf 82' lang='lat' dir='ltr'>vestigium</span> <span class='ocrx_word' id='word_1_254' title='bbox 584 1964 666 2004; x_wconf 85' lang='lat' dir='ltr'>eius</span> <span class='ocrx_word' id='word_1_255' title='bbox 695 1964 763 2014; x_wconf 86' lang='lat' dir='ltr'>qui</span> <span class='ocrx_word' id='word_1_256' title='bbox 789 1964 964 2003; x_wconf 87' lang='lat' dir='ltr'>deiectus</span> <span class='ocrx_word' id='word_1_257' title='bbox 996 1964 1054 2011; x_wconf 86' lang='lat' dir='ltr'>sit,</span> <span class='ocrx_word' id='word_1_258' title='bbox 1080 1966 1149 2003; x_wconf 89' lang='lat' dir='ltr'>sed</span> <span class='ocrx_word' id='word_1_259' title='bbox 1181 1966 1326 2004; x_wconf 88' lang='lat' dir='ltr'>factum</span> <span class='ocrx_word' id='word_1_260' title='bbox 1357 1965 1458 2004; x_wconf 86' lang='lat' dir='ltr'>illius</span> 
     </span>
     <span class='ocr_line' id='line_1_30' title="bbox 127 2028 1456 2080; baseline 0 -11"><span class='ocrx_word' id='word_1_261' title='bbox 127 2029 195 2080; x_wconf 83' lang='lat' dir='ltr'>qui</span> <span class='ocrx_word' id='word_1_262' title='bbox 216 2029 415 2078; x_wconf 87' lang='lat' dir='ltr'>deiecerit,</span> <span class='ocrx_word' id='word_1_263' title='bbox 436 2029 476 2068; x_wconf 91' lang='lat' dir='ltr'>in</span> <span class='ocrx_word' id='word_1_264' title='bbox 497 2029 687 2069; x_wconf 87' lang='lat' dir='ltr'>iudicium</span> <span class='ocrx_word' id='word_1_265' title='bbox 701 2028 833 2068; x_wconf 88' lang='lat' dir='ltr'>venire</span> <span class='ocrx_word' id='word_1_266' title='bbox 852 2043 861 2076; x_wconf 82' lang='lat'>3</span> <span class='ocrx_word' id='word_1_267' title='bbox 891 2028 1089 2068; x_wconf 85' lang='lat' dir='ltr'>deiectum</span> <span class='ocrx_word' id='word_1_268' title='bbox 1112 2043 1197 2068; x_wconf 85' lang='lat' dir='ltr'>esse</span> <span class='ocrx_word' id='word_1_269' title='bbox 1214 2030 1281 2080; x_wconf 85' lang='lat' dir='ltr'>qui</span> <span class='ocrx_word' id='word_1_270' title='bbox 1304 2032 1456 2080; x_wconf 85' lang='lat' dir='ltr'>fugatus</span> 
     </span>
     <span class='ocr_line' id='line_1_31' title="bbox 174 2133 1456 2174; baseline -0.002 -8"><span class='ocrx_word' id='word_1_271' title='bbox 174 2145 186 2165; x_wconf 93' lang='lat'>1</span> <span class='ocrx_word' id='word_1_272' title='bbox 214 2146 276 2174; x_wconf 84' lang='lat' dir='ltr'>ego</span> <span class='ocrx_word' id='word_1_273' title='bbox 294 2135 373 2174; x_wconf 84' lang='lat' dir='ltr'>quid</span> <span class='ocrx_word' id='word_1_274' title='bbox 397 2134 454 2166; x_wconf 79' lang='lat' dir='ltr'>Tc:</span> <span class='ocrx_word' id='word_1_275' title='bbox 480 2145 543 2173; x_wconf 84' lang='lat' dir='ltr'>ego</span> <span class='ocrx_word' id='word_1_276' title='bbox 560 2134 648 2174; x_wconf 85' lang='lat' dir='ltr'>quod</span> <span class='ocrx_word' id='word_1_277' title='bbox 666 2138 731 2165; x_wconf 73' lang='lat' dir='ltr'>cett.</span> <span class='ocrx_word' id='word_1_278' title='bbox 845 2134 866 2163; x_wconf 87' lang='lat'><strong>6</strong></span> <span class='ocrx_word' id='word_1_279' title='bbox 891 2134 1021 2164; x_wconf 67' lang='lat' dir='ltr'>veniam</span> <span class='ocrx_word' id='word_1_280' title='bbox 1046 2133 1121 2164; x_wconf 84' lang='lat' dir='ltr'>TE:</span> <span class='ocrx_word' id='word_1_281' title='bbox 1147 2134 1245 2164; x_wconf 77' lang='lat' dir='ltr'>venio</span> <span class='ocrx_word' id='word_1_282' title='bbox 1263 2137 1327 2164; x_wconf 68' lang='lat' dir='ltr'>cest.</span> <span class='ocrx_word' id='word_1_283' title='bbox 1436 2136 1456 2164; x_wconf 88' lang='lat'>8</span> 
     </span>
     <span class='ocr_line' id='line_1_32' title="bbox 126 2176 1453 2218; baseline -0.002 -8"><span class='ocrx_word' id='word_1_284' title='bbox 126 2180 321 2218; x_wconf 82' lang='lat' dir='ltr'>comprendi</span> <span class='ocrx_word' id='word_1_285' title='bbox 346 2178 374 2208; x_wconf 85' lang='lat' dir='ltr'><em>T</em></span> <span class='ocrx_word' id='word_1_286' title='bbox 480 2189 517 2209; x_wconf 91' lang='lat'>10</span> <span class='ocrx_word' id='word_1_287' title='bbox 543 2189 578 2209; x_wconf 85' lang='lat' dir='ltr'>re</span> <span class='ocrx_word' id='word_1_288' title='bbox 597 2184 629 2208; x_wconf 80' lang='grc'>61.</span> <span class='ocrx_word' id='word_1_289' title='bbox 647 2177 817 2208; x_wconf 73' lang='lat' dir='ltr'>sententia</span> <span class='ocrx_word' id='word_1_290' title='bbox 843 2176 920 2207; x_wconf 77' lang='lat' dir='ltr'>TE:</span> <span class='ocrx_word' id='word_1_291' title='bbox 945 2178 1112 2208; x_wconf 77' lang='lat' dir='ltr'>sententia</span> <span class='ocrx_word' id='word_1_292' title='bbox 1131 2183 1163 2208; x_wconf 81' lang='lat' dir='ltr'>et</span> <span class='ocrx_word' id='word_1_293' title='bbox 1182 2188 1217 2208; x_wconf 82' lang='lat' dir='ltr'>re</span> <span class='ocrx_word' id='word_1_294' title='bbox 1235 2181 1299 2208; x_wconf 70' lang='lat' dir='ltr'>cett.</span> <span class='ocrx_word' id='word_1_295' title='bbox 1420 2189 1453 2215; x_wconf 69' lang='lat'>14</span> 
     </span>
     <span class='ocr_line' id='line_1_33' title="bbox 126 2220 1455 2263; baseline -0.002 -9"><span class='ocrx_word' id='word_1_296' title='bbox 126 2228 262 2263; x_wconf 81' lang='lat' dir='ltr'>praetor</span> <span class='ocrx_word' id='word_1_297' title='bbox 288 2225 350 2263; x_wconf 70' lang='lat' dir='ltr'>(pr.</span> <span class='ocrx_word' id='word_1_298' title='bbox 400 2222 490 2252; x_wconf 48' lang='lat' dir='ltr'>Tus:</span> <span class='ocrx_word' id='word_1_299' title='bbox 531 2234 560 2262; x_wconf 86' lang='lat' dir='ltr'>p.</span> <span class='ocrx_word' id='word_1_300' title='bbox 592 2232 614 2252; x_wconf 84' lang='lat' dir='ltr'>r.</span> <span class='ocrx_word' id='word_1_301' title='bbox 643 2226 705 2253; x_wconf 66' lang='lat' dir='ltr'>crit.</span> <span class='ocrx_word' id='word_1_302' title='bbox 859 2231 893 2259; x_wconf 82' lang='lat'>17</span> <span class='ocrx_word' id='word_1_303' title='bbox 919 2220 1075 2251; x_wconf 74' lang='lat' dir='ltr'>alicunde</span> <span class='ocrx_word' id='word_1_304' title='bbox 1107 2220 1139 2257; x_wconf 80' lang='lat' dir='ltr'>T,</span> <span class='ocrx_word' id='word_1_305' title='bbox 1166 2221 1354 2261; x_wconf 66' lang='lat' dir='ltr'>A&#39;augsm&#39;us</span> <span class='ocrx_word' id='word_1_306' title='bbox 1404 2222 1455 2260; x_wconf 87' lang='grc'>1);</span> 
     </span>
     <span class='ocr_line' id='line_1_34' title="bbox 127 2263 1453 2305; baseline -0.002 -9"><span class='ocrx_word' id='word_1_307' title='bbox 127 2266 260 2298; x_wconf 81' lang='lat' dir='ltr'>aliunde</span> <span class='ocrx_word' id='word_1_308' title='bbox 278 2271 341 2297; x_wconf 71' lang='lat' dir='ltr'>cell.</span> <span class='ocrx_word' id='word_1_309' title='bbox 481 2269 518 2297; x_wconf 87' lang='lat'>18</span> <span class='ocrx_word' id='word_1_310' title='bbox 545 2266 630 2296; x_wconf 70' lang='lat' dir='ltr'>dixti</span> <span class='ocrx_word' id='word_1_311' title='bbox 651 2265 789 2305; x_wconf 73' lang='lat' dir='ltr'>Qnium&#39;l.</span> <span class='ocrx_word' id='word_1_312' title='bbox 807 2264 850 2294; x_wconf 71' lang='lat' dir='ltr'>ix.</span> <span class='ocrx_word' id='word_1_313' title='bbox 870 2274 900 2303; x_wconf 87' lang='lat'>3.</span> <span class='ocrx_word' id='word_1_314' title='bbox 917 2275 957 2294; x_wconf 83' lang='lat'>22</span> <span class='ocrx_word' id='word_1_315' title='bbox 975 2275 982 2294; x_wconf 90' lang='grc'>;</span> <span class='ocrx_word' id='word_1_316' title='bbox 1007 2264 1118 2294; x_wconf 67' lang='lat' dir='ltr'>dixisti</span> <span class='ocrx_word' id='word_1_317' title='bbox 1138 2263 1225 2294; x_wconf 78' lang='lat' dir='ltr'>codd.</span> <span class='ocrx_word' id='word_1_318' title='bbox 1341 2275 1375 2303; x_wconf 85' lang='grc'>19</span> <span class='ocrx_word' id='word_1_319' title='bbox 1400 2265 1453 2295; x_wconf 60' lang='lat' dir='ltr'>de&lt;</span> 
     </span>
    </p>
   </div>
   <div class='ocr_carea' id='block_1_3' title="bbox 125 2307 1447 2394">
    <p class='ocr_par' dir='ltr' id='par_1_3' title="bbox 125 2307 1447 2394">
     <span class='ocr_line' id='line_1_35' title="bbox 125 2307 1447 2351; baseline -0.003 -10"><span class='ocrx_word' id='word_1_320' title='bbox 125 2311 234 2351; x_wconf 76' lang='lat' dir='ltr'>creto]</span> <span class='ocrx_word' id='word_1_321' title='bbox 254 2310 364 2341; x_wconf 75' lang='lat' dir='ltr'>edicto</span> <span class='ocrx_word' id='word_1_322' title='bbox 384 2309 519 2349; x_wconf 77' lang='lat' dir='ltr'>Qm‘nlil.</span> <span class='ocrx_word' id='word_1_323' title='bbox 610 2320 649 2338; x_wconf 77' lang='lat'>22</span> <span class='ocrx_word' id='word_1_324' title='bbox 674 2308 884 2346; x_wconf 77' lang='lat' dir='ltr'>confugisset</span> <span class='ocrx_word' id='word_1_325' title='bbox 902 2308 942 2338; x_wconf 84' lang='lat' dir='ltr'>dc</span> <span class='ocrx_word' id='word_1_326' title='bbox 960 2307 1049 2338; x_wconf 74' lang='lat' dir='ltr'>codd.</span> <span class='ocrx_word' id='word_1_327' title='bbox 1070 2319 1076 2338; x_wconf 72' lang='grc' dir='ltr'><strong><em>ι</em></strong></span> <span class='ocrx_word' id='word_1_328' title='bbox 1100 2318 1178 2338; x_wconf 73' lang='lat' dir='ltr'>corr.</span> <span class='ocrx_word' id='word_1_329' title='bbox 1198 2307 1389 2348; x_wconf 69' lang='lat' dir='ltr'>Naugerius</span> <span class='ocrx_word' id='word_1_330' title='bbox 1404 2309 1447 2349; x_wconf 50' lang='grc' dir='ltr'>ξι</span> 
     </span>
     <span class='ocr_line' id='line_1_36' title="bbox 125 2351 968 2394; baseline -0.004 -9"><span class='ocrx_word' id='word_1_331' title='bbox 125 2364 199 2385; x_wconf 88' lang='lat' dir='ltr'>cum</span> <span class='ocrx_word' id='word_1_332' title='bbox 216 2364 281 2385; x_wconf 83' lang='lat' dir='ltr'>om.</span> <span class='ocrx_word' id='word_1_333' title='bbox 307 2353 337 2386; x_wconf 80' lang='lat' dir='ltr'><em>T</em></span> <span class='ocrx_word' id='word_1_334' title='bbox 465 2363 506 2392; x_wconf 85' lang='lat'>²3</span> <span class='ocrx_word' id='word_1_335' title='bbox 531 2352 720 2394; x_wconf 74' lang='lat' dir='ltr'>iubebatur]</span> <span class='ocrx_word' id='word_1_336' title='bbox 738 2351 916 2383; x_wconf 86' lang='lat' dir='ltr'>videbatur</span> <span class='ocrx_word' id='word_1_337' title='bbox 938 2351 968 2383; x_wconf 90' lang='lat' dir='ltr'><em>T</em></span> 
     </span>
    </p>
   </div>
  </div>
 </body>
</html>
