1716 2662
401 56 511 94 PRO
542 57 582 94 P.
617 55 898 105 QVINCTIO
929 55 1146 94 ORATIO
1383 54 1437 91 26
1460 62 1496 92 81

112 179 193 207 tam
213 168 351 215 audax,
367 174 447 206 tam
461 166 711 206 temerarium
725 166 984 217 probabitur?
1014 164 1123 214 Quid
1140 165 1238 203 haec
1253 162 1440 211 amentia,
1461 173 1498 203 82

113 232 208 284 quid
229 234 326 271 haec
348 232 555 280 festinatio,
579 231 675 282 quid
696 233 794 270 haec
814 230 1073 269 immaturitas
1094 237 1202 268 tanta
1219 229 1440 279 significat?

112 311 193 336 non
214 297 304 344 vim,
328 310 409 335 non
437 298 576 344 scelus,
600 310 680 335 non
707 295 966 342 latrocinium,
994 309 1075 334 non
1106 294 1280 344 denique
1307 294 1441 332 onmia

112 363 242 414 potius
273 376 392 413 quam
422 362 493 410 ius,
516 376 636 412 quam
666 362 850 409 officium,
882 374 1001 411 quam
1032 361 1256 411 pudorem?
1315 359 1441 397 Mittis

72 439 90 472 5
112 428 262 466 iniussu
283 427 481 478 praetoris.
525 428 618 476 Quo
639 426 833 465 consilio?
875 428 1078 464 Iussurum
1097 425 1259 463 sciebas.
1305 424 1442 473 Quid?

112 506 203 531 cum
235 492 420 539 iussisset,
452 500 536 530 tum
572 491 724 529 mittere
755 504 890 528 nonne
925 491 1110 540 poteras?
1171 491 1442 528 Postulaturus

111 571 206 597 eraS.
266 558 471 606 Quando?
514 558 608 595 Post
629 556 712 594 dies
734 567 834 593 xxx.
895 556 1052 604 Nempe
1083 554 1115 592 si
1140 562 1178 593 te
1206 554 1302 592 nihil
1323 554 1444 604 impe-

111 623 222 671 diret,
257 623 289 661 si
320 624 499 661 voluntas
540 623 680 661 eadem
722 628 907 668 maneret,
945 620 976 659 si
1010 621 1169 667 valeres,
1204 619 1377 670 denique
1411 619 1443 658 si

110 688 270 726 viveres.
327 689 487 726 Praetor
532 686 680 725 scilicet
719 685 905 724 iussisset.
967 685 1131 735 Opinor,
1177 684 1209 722 si
1249 686 1376 732 vellet,
1412 684 1443 722 si

54 767 92 790 10
110 754 266 801 valeret,
300 752 333 791 si
374 752 434 791 ius
475 751 632 799 diceret,
668 751 699 789 si
739 764 858 790 nemo
895 757 1101 798 recusaret,
1137 749 1205 800 qui
1243 763 1290 788 ex
1322 749 1443 800 ipsius

109 819 269 857 decreto
290 825 328 856 et
348 817 439 856 satis
460 818 570 856 daret
590 824 627 855 et
647 816 837 855 iudicium
857 816 1036 866 accipere
1058 817 1186 854 vellet.
1242 817 1356 862 Nam,
1376 828 1444 865 per
1462 825 1503 863 83

109 883 206 921 deos
227 882 456 921 immortalis
476 885 482 921 !
513 882 544 920 si
565 883 730 920 Alfenus
759 889 988 932 procurator
1013 883 1055 918 P.
1081 880 1244 930 Quincti
1267 880 1338 918 tibi
1359 887 1442 918 tum

110 947 202 987 satis
223 949 332 986 daret
352 956 390 987 et
416 947 606 986 iudicium
630 947 808 997 accipere
829 948 956 994 vellet,
981 946 1154 996 denique
1183 945 1318 984 onmia
1341 958 1442 995 quae

110 1015 326 1064 postulares
369 1014 496 1051 facere
528 1012 724 1060 voluisset,
757 1011 853 1062 quid
894 1013 1062 1061 ageres?
1107 1023 1310 1049 revocares
1350 1024 1440 1049 eum

51 1089 90 1122 15
110 1091 230 1128 quem
250 1078 291 1116 in
312 1078 480 1116 Galliam
506 1078 697 1116 miseras?
754 1079 807 1115 At
836 1076 901 1115 hic
932 1076 1095 1126 quidem
1126 1075 1204 1114 iam
1236 1077 1286 1114 de
1316 1076 1441 1114 fundo

109 1145 304 1194 expulsus,
332 1143 410 1182 iam
436 1157 459 1182 a
485 1143 563 1181 suis
597 1143 658 1182 dis
689 1142 899 1193 penatibus
931 1155 1118 1192 praeceps
1153 1141 1312 1188 eiectus,
1349 1140 1438 1187 iam,

108 1210 219 1259 quod
238 1208 556 1259 indignissimum
582 1216 651 1256 est,
673 1221 833 1247 suorum
862 1220 1062 1246 servorum
1093 1205 1276 1244 manibus
1301 1205 1440 1244 nuntio

108 1281 228 1324 atque
256 1273 422 1325 imperio
451 1281 520 1313 tuo
548 1273 714 1312 violatus
744 1280 857 1312 esset.
918 1271 1142 1322 Corrigeres
1174 1272 1272 1310 haec
1293 1270 1440 1309 scilicet

109 1346 152 1378 tu
172 1346 320 1390 postea.
380 1341 443 1378 De
472 1339 702 1389 cuiusquam
725 1338 804 1377 vita
832 1337 963 1377 dicere
995 1338 1117 1376 audes
1149 1336 1217 1386 qui
1246 1337 1324 1374 hoc
1350 1349 1440 1374 con-

49 1419 90 1441 20
110 1405 228 1443 cedas
248 1418 410 1443 necesse
430 1412 499 1451 est,
522 1404 574 1442 ita
595 1412 633 1442 te
652 1417 814 1442 caecum
844 1403 1059 1453 cupiditate
1083 1410 1120 1440 et
1142 1400 1301 1440 avaritia
1321 1400 1439 1439 fuisse

108 1476 161 1516 ut,
198 1483 289 1508 cum
336 1476 473 1519 postea
511 1468 607 1518 quid
645 1469 818 1506 futurum
867 1475 969 1506 esset
1010 1467 1218 1517 ignorares,
1259 1464 1439 1504 accidere

105 1542 238 1574 autem
268 1536 391 1573 multa
419 1542 590 1585 possent,
623 1547 734 1584 spem
765 1532 931 1571 malefici
966 1531 1182 1582 praesentis
1214 1530 1254 1568 in
1288 1530 1437 1569 incerto

106 1599 244 1650 reliqui
274 1599 461 1650 temporis
491 1607 634 1638 eventu
663 1600 924 1637 conlocares?
981 1599 1114 1647 Atque
1146 1598 1243 1635 haec
1274 1595 1437 1646 perinde

105 1666 255 1716 loquor,
279 1664 391 1715 quasi
411 1664 497 1714 ipso
518 1664 585 1703 illo
616 1672 803 1714 tempore,
829 1677 920 1702 cum
949 1671 987 1701 te
1014 1669 1170 1713 praetor
1196 1661 1369 1699 iussisset
1390 1675 1436 1700 ex

105 1730 237 1769 edicto
256 1729 468 1780 possidere,
493 1728 523 1767 si
554 1729 593 1767 in
624 1728 914 1779 possessionem
948 1727 1130 1774 misisses,
1157 1726 1339 1766 debueris
1368 1734 1435 1765 aut

105 1794 277 1846 potueris
299 1796 340 1833 P.
365 1794 598 1843 Quinctium
618 1795 668 1833 de
688 1793 937 1844 possessione
960 1793 1179 1832 deturbare.

159 1860 306 1900 Omnia
334 1867 436 1907 sunt,
468 1860 512 1899 C.
544 1858 690 1909 Aquili,
722 1859 806 1897 eius
836 1858 947 1897 modi
976 1858 1103 1909 quivis
1141 1865 1184 1896 ut
1216 1857 1434 1908 perspicere
1453 1834 1503 1926 ζῖ

104 1925 227 1976 possit
247 1925 287 1963 in
308 1926 382 1963 hac
402 1938 520 1963 causa
539 1924 833 1974 improbitatem
864 1933 902 1963 et
932 1924 1095 1975 gratiam
1124 1937 1214 1961 cum
1243 1923 1375 1973 inopia
1396 1931 1433 1961 et

103 1990 265 2029 veritate
285 1990 536 2028 contendere.
596 1991 756 2027 Praetor
776 1997 814 2027 te
830 2003 948 2039 quem
971 1990 1021 2028 ad
1045 1990 1208 2027 modum
1232 1987 1433 2038 possidere

45 2068 85 2099 30
105 2055 247 2093 iussit?
294 2054 460 2105 Opinor,
491 2068 538 2093 ex
569 2054 711 2093 edicto.
769 2054 938 2105 Sponsio
973 2067 1074 2104 quae
1109 2054 1149 2091 in
1183 2053 1301 2091 verba
1332 2054 1433 2090 facta

104 2122 191 2158 est?
248 2131 282 2157 SI
314 2131 369 2156 Ex
398 2130 551 2157 Emc‘ro
582 2131 813 2158 PRAETORls
844 2131 955 2158 BONA
981 2131 1014 2157 Ρ.
1037 2130 1207 2164 Qlecrr
1240 2128 1431 2155 POSSESSA

147 2235 166 2254 2
190 2224 361 2255 festinatio
388 2224 572 2264 Angplius:
599 2224 774 2255 extimatio
801 2223 890 2256 codd.
1023 2234 1043 2262 3
1067 2224 1132 2253 vim
1163 2222 1248 2263 non]
1275 2221 1430 2252 nimirum

105 2267 161 2298 Ebl
320 2278 340 2306 9
365 2269 492 2299 scilicet
510 2268 627 2298 Klotz:
651 2268 677 2298 si
695 2267 783 2300 codd.
947 2277 985 2298 10
1009 2266 1080 2307 qui]
1099 2268 1180 2305 quin
1197 2267 1228 2301 k,
1246 2265 1431 2296 Lambinus

107 2321 146 2341 12
170 2311 227 2341 tibi
245 2316 313 2342 tum
332 2311 382 2342 5':
408 2311 464 2341 tibi
483 2322 555 2342 cum
572 2311 616 2350 όχ
635 2323 643 2342 2
666 2316 735 2342 tum
756 2314 780 2342 Σ
911 2320 950 2350 31
977 2310 1020 2351 si]
1041 2310 1074 2340 ni
1091 2310 1265 2341 Hotoman

147 2375 209 2396 cxc.
231 2375 299 2396 PRO
316 2375 478 2402 vacrlo
1322 2365 1340 2394 3
