1747 2620
677 53 999 94 PRAEFATIO

178 160 312 199 tulisse
332 159 585 199 manifestum
607 167 675 199 est.
734 159 967 200 Collationis
988 159 1136 210 primae
1156 161 1322 198 fructum
1345 159 1501 198 exhibet

183 228 275 276 Lag.
292 239 313 275 3
331 225 399 278 (χ),
416 225 484 276 qui
500 225 539 263 in
556 224 799 264 orationibus
816 232 953 264 contra
971 227 1133 263 Rullum
1149 224 1337 264 lectiones
1352 224 1501 275 aliquot

182 304 227 330 ex
256 292 332 329 hoc
362 292 499 330 codice
528 289 750 341 exscriptas,
783 289 823 329 in
853 289 1063 329 Pisoniana
1091 291 1313 340 complures
1342 291 1381 328 in
1412 303 1502 328 con-

182 361 288 393 textu
327 356 470 403 habet3
517 354 769 393 collationem
809 356 1024 394 secundam
1065 362 1256 393 testantur
1293 356 1419 393 variae
1461 353 1501 392 in

185 419 356 470 margine
386 421 562 459 eiusdem
593 419 741 459 codicis
773 419 925 470 positae
954 421 1169 467 lectiones‚¹
1200 419 1351 459 tertiam
1383 420 1500 458 codd.

185 498 215 532 1,
240 496 273 533 7,
297 487 331 532 8,
359 498 404 534 13
426 484 491 535 qui
523 486 664 523 multas
693 484 733 523 in
760 492 945 524 contextu
973 485 1119 523 habent
1146 484 1213 523 ubi
1239 503 1265 537 χ
1291 498 1380 523 cum
1407 486 1502 534 Pog-

182 548 305 599 gianis
334 551 541 596 consentit,
570 563 591 588 e
620 550 763 600 quibus
792 551 921 600 plures
952 550 1068 588 codd.
1099 551 1159 587 Ee
1187 562 1382 588 consensu
1412 561 1501 587 con-

182 615 410 653 firmantur.²
468 616 640 663 Quartae
672 615 845 665 denique
880 613 1099 653 collationis
1134 613 1295 664 vestigia
1329 613 1502 652 ostendit

179 680 265 717 cod.
305 692 352 726 24
386 678 427 716 in
462 679 682 727 Pisoniana,
714 679 782 730 qui
816 692 862 718 ex
896 681 1013 729 Lagg.
1049 680 1154 717 solus
1189 692 1280 717 cum
1311 680 1354 717 E
1386 691 1502 729 saepe

179 742 402 783 consentit.³
459 743 590 782 Huius
607 743 768 793 quidem
790 743 938 783 codicis
960 744 1150 794 originem
1171 756 1313 794 operae
1334 745 1501 793 pretium

179 816 236 847 est
265 821 513 858 cognoscere.
571 808 727 848 Scilicet
757 808 797 846 in
827 808 1070 848 orationibus
1100 816 1237 847 contra
1266 809 1429 846 Rullum
1457 822 1502 847 ex

180 872 265 923 ipso
287 875 341 911 M
361 873 555 912 derivatus
587 875 672 921 est,⁴
692 873 731 912 in
762 873 974 912 Pisoniana
1003 887 1049 912 ex
1078 875 1165 912 cod.
1194 887 1254 923 13,
1274 874 1341 923 qui
1371 881 1502 912 tamen

180 936 294 975 huius
315 945 473 987 quartae
494 937 714 977 collationis
735 939 863 977 fructu
886 938 1021 976 caret.⁵
1073 939 1178 976 Illud
1199 937 1371 987 denique
1391 939 1502 976 addi-

181 1001 302 1040 derim
326 1015 404 1040 non
426 1003 553 1040 solum
578 1002 762 1041 codicum
786 1016 887 1052 quos
911 1001 1227 1052 Lagomarsinius
1247 1001 1413 1041 contulit
1434 1003 1503 1041 sed

181 1065 358 1105 omnium
392 1080 492 1116 quos
526 1066 618 1105 novi
659 1068 737 1106 fere
779 1066 984 1106 dimidiam
1023 1074 1174 1117 partem
1214 1079 1260 1105 ex
1294 1068 1502 1117 exemplari

184 1133 344 1171 Cusano
373 1144 458 1170 esse
488 1131 713 1170 derivatam.

237 1198 403 1234 Restant
435 1198 516 1234 duo
550 1196 707 1235 codices
741 1210 840 1247 quos
875 1196 914 1235 in
948 1196 1133 1236 omnibus
1168 1196 1227 1235 his
1262 1196 1503 1236 orationibus

183 1260 344 1300 contuli.
403 1261 459 1299 Hi
482 1269 571 1299 sunt

237 1327 374 1366 Codex
396 1328 522 1365 Oxon.
545 1326 736 1366 Canonici
762 1330 836 1365 226
857 1325 920 1379 (c).

237 1390 374 1430 Codex
396 1390 592 1430 Parisinus
615 1402 728 1441 7779,
752 1405 858 1430 anno
884 1403 982 1441 1459
1005 1390 1145 1430 Paviae
1165 1392 1331 1442 scriptus
1353 1389 1421 1443 (k).

238 1456 286 1494 In
318 1455 497 1495 codicem
529 1470 549 1494 c
577 1469 667 1494 cum
702 1456 848 1495 abhinc
878 1456 1086 1495 triennium
1122 1455 1358 1504 incidissem,
1391 1456 1504 1495 valde

188 1520 346 1559 miratus
367 1535 464 1568 sum,
487 1535 577 1560 cum
605 1522 819 1560 invenirem
848 1535 1033 1571 magnum
1062 1521 1348 1561 correctionum
1371 1534 1505 1560 nume-

184 1599 268 1624 rum
297 1600 398 1636 quae
427 1586 666 1625 editionibus
687 1588 863 1625 Venetae
893 1594 930 1624 et
961 1588 1178 1635 Romanae,
1202 1599 1303 1636 quae
1323 1585 1503 1635 Angelio‚

185 1651 392 1702 Naugerio,
427 1651 590 1701 aliisque
619 1652 670 1690 ad
710 1653 806 1690 haec
835 1653 1037 1701 tempora6
1071 1650 1287 1690 editoribus
1318 1658 1505 1700 acceptae

185 1718 412 1765 referuntur,
433 1717 509 1755 hoc
532 1715 670 1755 codice
693 1715 895 1755 contineri.
958 1718 1054 1754 Mox
1082 1715 1252 1755 intellexi
1280 1717 1379 1755 inter
1400 1716 1505 1754 hunc

185 1782 325 1819 librum
355 1788 394 1819 et
421 1780 637 1819 Parisinum
663 1792 763 1829 7779
786 1779 852 1831 (k),
877 1794 956 1830 quo
986 1780 1025 1818 in
1048 1779 1287 1829 Quinctiana
1313 1787 1352 1819 et
1372 1779 1506 1821 Caeci-

186 1845 302 1883 niana
323 1858 414 1884 usus
435 1853 493 1884 est
516 1848 557 1883 F.
579 1847 622 1884 L.
648 1847 791 1892 Keller,
816 1858 1009 1883 summam
1038 1845 1367 1884 necessitudinem
1393 1845 1506 1884 inter-

188 1912 337 1957 cedere,
362 1910 580 1948 Parisinum
601 1918 731 1949 autem
754 1909 869 1948 etiam
888 1909 1102 1950 Oxoniensi
1120 1923 1204 1950 esse
1220 1911 1504 1949 correctiorem.

231 1991 240 2010 ¹
267 1991 317 2022 Cf.
338 1991 427 2023 Rull.
448 1992 478 2022 ii.
504 2002 572 2030 103.
1122 1990 1134 2008 ²
1161 1991 1209 2021 Cl'.
1229 1990 1319 2023 Rull.
1338 1991 1369 2022 ii.
1388 2001 1418 2030 3.

229 2033 243 2054 ⁸
266 2035 316 2065 Cf.
337 2035 402 2065 Pis.
422 2036 473 2074 89,
494 2046 547 2074 90,
568 2045 620 2074 92.

228 2076 241 2097 ⁴
264 2077 355 2109 Rull.
377 2078 409 2108 ii.
431 2079 472 2108 86
492 2078 613 2109 omittit
635 2078 734 2108 altera
755 2100 762 2108 .
781 2100 789 2110 .
808 2101 816 2110 .
841 2080 982 2108 vestram
1003 2088 1086 2117 quac
1111 2078 1211 2108 verba
1231 2088 1296 2108 uno
1321 2077 1448 2108 codicis
1470 2077 1509 2107 M

186 2132 285 2152 versu
304 2121 528 2152 continentur.

228 2164 240 2182 ⁵
264 2165 331 2195 Pis.
357 2175 367 2194 1
389 2165 510 2195 omittit
529 2175 573 2195 m.
596 2175 622 2196 1.
642 2164 758 2195 mentis
775 2189 781 2196 .
802 2189 807 2195 .
829 2189 835 2195 .
852 2165 994 2205 (gnotus,
1019 2175 1101 2204 quac
1119 2165 1221 2195 verba
1239 2175 1304 2195 uno
1326 2164 1449 2195 codicis
1469 2173 1507 2202 13

186 2219 286 2238 versu
305 2208 532 2239 continentur.

219 2251 241 2300 ,ὃ
266 2251 363 2299 Velut
388 2251 471 2284 Cael.
492 2253 535 2282 60
555 2254 722 2283 tonantem
744 2261 806 2292 pro
828 2254 1009 2291 conantem,
1031 2252 1117 2291 quod
1138 2251 1208 2291 ipsc
1230 2251 1450 2290 conieceram,
1473 2250 1506 2282 in

187 2305 202 2325 c
218 2305 345 2326 inveni.

820 2347 872 2388 xii
