1716 2662
372 99 446 136 DE
478 99 623 137 LEGE
654 100 910 137 AGRARIA
941 100 1158 139 ORATIO
1190 102 1231 138 II
1437 103 1464 140 6
1486 116 1525 150 15

138 222 257 248 mano
289 223 412 260 agros,
447 208 543 260 eripi
574 208 692 248 etiam
733 209 964 255 libertatem,
999 210 1238 260 privatorum
1278 211 1464 262 pecunias

135 274 277 324 augeri,
294 274 472 324 publicas
492 273 695 321 exhauriri,
712 274 896 324 denique,
920 275 1028 324 quod
1051 282 1109 313 est
1132 274 1463 325 indignissimum,

136 352 204 389 per
241 338 442 377 tribunum
481 338 619 389 plebis,
655 352 774 389 quem
815 338 981 378 maiores
1017 338 1235 390 praesidem
1276 340 1464 380 libertatis

135 405 424 454 custodemque
463 418 548 443 esse
586 406 806 452 voluerunt,
848 419 956 455 reges
995 405 1035 443 in
1070 405 1226 445 civitate
1264 406 1461 445 constitui.

97 480 114 512 5
137 470 251 518 Quae
279 483 382 517 cum,
416 469 599 518 Quirites,
633 483 862 522 exposuero,
892 470 922 508 si
954 472 1049 509 falsa
1080 471 1192 510 vobis
1226 471 1464 511 videbuntur
1487 481 1525 514 16

135 548 231 582 esse,
281 548 421 586 sequar
464 535 738 575 auctoritatem
780 543 958 582 vestram,
1003 537 1166 576 mutabo
1208 551 1336 576 meam
1381 551 1464 576 sen-

135 599 322 648 tentiam3
370 600 430 639 sin
474 599 634 640 insidias
681 600 761 639 fieri
803 600 970 640 libertati
1019 610 1168 642 vestrae
1214 602 1464 642 simulatione

134 665 346 716 largitionis
393 666 635 716 intellegetis,
680 666 845 705 nolitote
884 666 1063 705 dubitare
1108 667 1277 718 plurimo
1321 669 1464 707 sudore

133 737 172 768 et
211 730 402 781 sanguine
442 730 633 769 maiorum
668 739 883 770 vestrorum
926 739 1074 782 partam
1115 732 1307 783 vobisque
1345 733 1461 772 tradi-

76 802 214 833 rotam
264 795 483 834 libertatem
541 797 650 835 nullo
698 805 827 835 vestro
884 797 1017 836 labore
1075 800 1236 837 consule
1284 798 1463 838 adiutore

132 861 354 900 defendere.

187 924 360 964 Primum
402 935 521 977 caput
561 935 619 965 est
657 927 752 978 legis
790 927 961 977 agrariae
999 942 1089 978 quo⁷
1132 937 1173 967 ut
1218 929 1270 967 illi
1309 938 1459 980 putant,
1483 940 1505 979 7

133 990 378 1041 temptamini
413 991 548 1030 leviter
586 1006 666 1042 quo
700 992 834 1030 animo
873 992 1061 1032 libertatis
1097 1002 1246 1033 vestrae
1285 994 1463 1033 deminu-

133 1055 281 1095 tionem
321 1057 417 1094 ferre
456 1056 621 1106 possitis.
695 1057 810 1096 Iubet
849 1057 953 1096 enim
994 1056 1193 1097 tribunum
1234 1059 1359 1108 plebis
1394 1059 1460 1109 qui

74 1132 110 1164 15
134 1134 219 1159 eam
250 1122 376 1171 legem
408 1121 536 1159 tulerit
561 1135 691 1161 creare
722 1122 854 1161 xviros
881 1136 950 1173 per
978 1122 1099 1161 tribus
1129 1135 1228 1170 xvli,
1257 1132 1312 1171 ut7
1342 1138 1459 1175 quem

132 1196 223 1224 vnn
263 1185 386 1225 tribus
420 1187 592 1234 fecerint,
629 1188 660 1226 is
700 1187 786 1225 xvir
821 1187 883 1226 sit.
955 1188 1034 1227 Hic
1069 1202 1215 1238 quaero
1253 1202 1372 1239 quam
1408 1190 1460 1228 ob
1484 1200 1520 1234 17

130 1265 287 1290 causam
320 1251 475 1290 initium
507 1266 634 1291 rerum
666 1267 712 1291 ac
748 1254 876 1304 legum
913 1267 1069 1292 suarum
1105 1254 1197 1292 hinc
1233 1255 1384 1293 duxerit
1419 1263 1461 1293 ut

130 1318 299 1367 populus
338 1318 545 1356 Romanus
589 1317 772 1368 suffragio
811 1318 1033 1368 privaretur.
1105 1319 1270 1358 Totiens
1309 1319 1460 1369 legibus

130 1381 288 1433 agrariis
343 1390 540 1422 curatores
593 1383 796 1422 constituti
847 1392 938 1422 sunt
992 1384 1121 1432 111viri‚
1177 1384 1286 1432 vviri,
1337 1385 1461 1431 xviri3

71 1461 112 1484 20
130 1460 276 1498 quaero
332 1461 355 1485 a
402 1448 579 1500 populari
628 1448 786 1487 tribuno
836 1449 962 1498 plebis
1011 1451 1219 1499 ecquando
1268 1449 1340 1488 nisi
1393 1464 1461 1501 per

130 1523 246 1550 xxxv
282 1512 404 1552 tribus
444 1514 561 1552 creati
598 1514 684 1552 sint.
746 1514 904 1552 Etenim
940 1528 1029 1553 cum
1065 1515 1193 1553 omnis
1233 1524 1458 1566 potestates,

130 1577 301 1629 imperia,
333 1579 554 1620 curationes
584 1581 633 1618 ab
663 1580 844 1619 universo
875 1582 1023 1630 populo
1054 1582 1239 1619 Romano
1267 1581 1460 1631 proficisci

128 1645 323 1693 convenit,
356 1655 439 1684 tum
468 1660 532 1685 eas
563 1647 739 1696 profecto
765 1645 933 1684 maxime
961 1659 1062 1696 quae
1090 1645 1381 1684 constituuntur
1409 1648 1459 1686 ad

127 1710 261 1761 populi
291 1713 457 1750 fructum
483 1711 654 1762 aliquem
686 1719 723 1750 et
751 1712 1023 1757 commodum,
1050 1709 1088 1747 in
1117 1724 1196 1759 quo
1226 1718 1263 1748 et
1291 1710 1459 1750 universi

70 1788 107 1820 25
127 1776 298 1827 deligant
319 1791 436 1828 quem
454 1779 602 1828 populo
625 1780 809 1816 Romano
830 1776 998 1814 maxime
1016 1777 1285 1814 consulturum
1308 1784 1457 1826 putent,

127 1850 164 1881 et
185 1856 286 1882 unus
313 1843 480 1893 quisque
511 1843 642 1882 studio
670 1851 707 1882 et
728 1842 910 1892 suffragio
939 1856 1011 1880 suo
1039 1840 1139 1880 viam
1172 1840 1245 1878 sibi
1266 1842 1317 1879 ad
1344 1841 1459 1880 bene-

105 1903 258 1947 'ficium
292 1908 582 1959 impetrandum
624 1908 774 1947 munire
810 1908 941 1959 possit.
1006 1908 1099 1946 Hoc
1140 1905 1298 1945 tribuno
1332 1907 1458 1957 plebis

126 1974 373 2024 potissimum
412 1974 518 2013 venit
557 1975 596 2012 in
640 1982 827 2021 mentem,
867 1975 1057 2024 populum
1106 1974 1334 2010 Romanum
1377 1972 1458 2011 uni-

169 2088 188 2118 3
215 2078 366 2110 tribunos
390 2078 499 2118 plebis
524 2089 631 2117 quos.
654 2101 662 2110 .
681 2102 687 2108 .
709 2078 883 2118 praesides
905 2103 910 2109 .
931 2101 936 2108 .
960 2101 965 2107 .
987 2077 1214 2116 custodesque
1239 2076 1272 2107 E
1437 2087 1455 2115 4

125 2123 291 2153 voluerint
311 2121 351 2151 M
514 2133 533 2161 5
558 2132 642 2162 quac
660 2132 748 2159 cum⁷
767 2122 919 2160 Quirites
938 2120 1115 2151 Pithoeus:
1141 2130 1371 2160 quaecumque
1389 2119 1456 2150 Ee:

123 2177 209 2205 quae
228 2177 299 2197 cum
316 2169 380 2196 cett.
527 2176 541 2204 7
569 2166 595 2197 si
614 2166 646 2196 E
745 2165 956 2196 simulatione
975 2164 1160 2202 largitionis
1178 2175 1242 2195 mu.
1266 2163 1298 2194 E
1436 2165 1455 2193 8

126 2210 230 2241 nolite
251 2210 283 2249 χι
447 2219 468 2248 9
491 2215 676 2240 vestrorum
696 2209 732 2241 le:
761 2214 951 2239 nostrorum
968 2209 1032 2238 e'c:
1058 2219 1123 2238 om.
1146 2207 1195 2238 E:
1220 2212 1367 2238 vestrum
1387 2211 1451 2238 cell.

128 2263 165 2284 10
183 2259 295 2285 vestro
308 2253 420 2284 labore
433 2253 521 2284 Een:
539 2253 650 2284 labore
664 2258 776 2283 vestro
788 2257 853 2283 seu.
947 2251 1117 2291 adiutore]
1131 2257 1268 2282 auctore
1282 2250 1455 2281 Puteanus⁴

128 2307 163 2336 ¹3
187 2297 440 2328 diminutionem
459 2296 521 2327 E2'e
628 2307 663 2336 17
690 2297 846 2327 duxerint
863 2296 894 2326 E
1000 2296 1037 2325 18
1063 2294 1237 2336 suffragio]
1255 2294 1404 2325 subsidio
1422 2295 1458 2325 N

122 2350 163 2370 20
189 2341 361 2380 ecquando
375 2339 421 2371 cd.
443 2340 475 2371 R
494 2351 500 2370 ε
525 2341 607 2372 haec
628 2341 706 2377 (hoc
720 2341 759 2371 k:
785 2351 849 2371 0111.
864 2338 913 2380 Ν,
932 2340 1066 2378 quando
1084 2337 1169 2370 codd.
1307 2348 1344 2369 21
1374 2344 1452 2369 sunt

122 2383 167 2414 Ec
299 2385 341 2414 26
365 2394 402 2415 ac
419 2384 578 2424 suffragio
594 2383 626 2414 E
