1716 2662
453 101 563 139 PRO
596 102 636 139 L.
673 102 890 140 FLACCO
921 102 1138 140 ORATIO
1400 105 1454 150 36
1475 121 1516 151 90

180 198 240 248 At'
255 210 526 249 Falcidianum
554 210 701 250 crimen
725 219 784 250 est
809 211 946 262 ingens
963 227 973 260 3
1001 214 1147 251 talenta
1170 212 1455 263 quinquaginta
1474 225 1514 256 90

126 289 167 314 se
188 277 332 315 Flacco
358 276 453 315 dicit
475 277 642 316 dedisse.
692 277 914 316 Audiamus
944 278 1159 316 hominem.
1216 279 1309 316 Non
1329 280 1452 317 adest.

126 341 219 389 Quo
249 342 370 379 modo
399 340 512 391 igitur
540 341 667 380 dicit?
725 341 946 393 Epistulam
978 351 1100 381 mater
1129 342 1212 382 eius
1242 345 1386 393 profert
1415 351 1454 382 et

124 408 285 445 alteram
312 420 444 455 soror;
479 406 665 457 scriptum
696 408 747 446 ad
777 421 819 446 se
848 408 985 447 dicunt
1014 423 1099 448 esse
1127 410 1178 448 ab
1208 409 1275 448 illo
1305 417 1453 449 tantam

86 471 333 522 5pecuniam
374 473 516 510 Flacco
555 473 698 511 datam.
773 474 877 524 Ergo
916 473 947 512 is
986 474 1060 522 cui,
1101 474 1133 512 si
1170 488 1277 512 aram
1314 482 1453 513 tenens

126 535 276 584 iuraret,
309 537 484 576 crederet
500 550 638 588 nemo,
668 551 737 588 per
761 537 969 589 epistulam
997 540 1106 589 quod
1134 540 1237 577 volet
1264 539 1454 578 iniuratus

124 602 335 652 probabit?
390 602 441 641 At
462 602 529 653 qui
549 602 627 642 vir!
659 617 778 654 quam
803 617 883 643 non
903 604 1053 643 amicus
1074 604 1153 643 suis
1180 604 1354 643 civibus!
1385 605 1453 655 qui

125 666 403 716 patrimonium
436 666 527 705 satis
567 668 727 714 lautum,
770 669 879 718 quod
914 668 977 707 hic
1016 669 1224 707 nobiscum
1257 670 1452 709 conficere

124 731 262 781 potuit,
281 733 522 771 Graecorum
545 733 734 771 conviviis
756 733 892 772 maluit
914 733 1113 784 dissipare.
1165 734 1274 783 Quid
1295 734 1452 773 attinuit
1472 749 1511 781 91

67 811 106 833 10
124 795 342 846 relinquere
363 798 464 835 hanc
485 797 634 845 urbem,
659 797 836 837 libertate
858 806 937 836 tam
965 801 1162 849 praeclara
1180 813 1321 846 carere,
1343 800 1452 839 adire

123 860 339 910 periculum
379 861 618 912 navigandi?
664 863 775 913 quasi
814 864 920 902 bona
957 877 1135 902 comesse
1176 866 1328 903 Romae
1370 878 1451 903 non

122 926 265 964 liceret.
337 927 457 965 Nunc
501 927 674 977 denique
718 930 954 967 materculae
994 942 1087 967 suae
1132 929 1291 968 festivus
1336 930 1449 978 filius,

121 990 299 1029 aniculae
332 991 494 1030 minime
527 992 777 1042 suspiciosae,
810 1001 950 1044 purgat
983 1006 1024 1032 se
1056 1008 1124 1044 per
1154 994 1372 1044 epistulam,
1409 1002 1451 1034 ut

121 1070 208 1094 eam
240 1056 451 1106 pecuniam
484 1069 655 1107 quacum
690 1058 892 1097 traiecerat
927 1072 1006 1097 non
1041 1060 1344 1110 consumpsisse,
1381 1061 1453 1099 sed

64 1138 100 1171 ¹5
122 1123 265 1160 Flacco
312 1122 469 1161 dedisse
509 1122 695 1161 videatur.
768 1124 820 1162 At
864 1125 1010 1162 fructus
1059 1124 1120 1162 isti
1161 1124 1450 1163 Trallianorum
1471 1139 1518 1179 37

122 1187 296 1225 Globulo
336 1195 512 1237 praetore
551 1188 778 1236 venierant3
822 1188 1019 1227 Falcidius
1058 1198 1205 1228 emerat
1245 1192 1316 1228 HS
1355 1204 1451 1229 non-

120 1252 245 1302 gentis
278 1252 446 1291 milibus.
517 1252 555 1292 Si
588 1254 655 1292 dat
690 1262 838 1292 tantam
871 1255 1080 1305 pecuniam
1116 1256 1270 1302 Flacco,
1306 1269 1450 1306 nempe

121 1317 268 1356 idcirco
301 1319 369 1356 dat
400 1326 442 1357 ut
476 1326 556 1357 rata
585 1318 634 1357 sit
663 1319 823 1369 emptio.
883 1320 991 1359 Emit
1020 1320 1134 1370 igitur
1163 1320 1312 1371 aliquid
1342 1322 1451 1371 quod

120 1390 224 1421 certe
241 1384 365 1421 multo
382 1383 502 1433 pluris
523 1391 648 1432 esset;
679 1386 746 1423 dat
767 1386 816 1423 de
833 1386 952 1433 lucro,
971 1385 1068 1423 nihil
1089 1385 1257 1424 detrahit
1278 1387 1328 1424 de
1348 1386 1447 1425 vivo.

61 1463 103 1486 20
122 1449 202 1488 Cur
231 1449 432 1487 Albanum
459 1450 590 1488 venire
621 1450 740 1498 iubet,
771 1464 839 1489 cur
868 1450 979 1489 matri
1010 1459 1208 1501 praeterea
1238 1451 1445 1499 blanditur,
1469 1470 1508 1502 92

120 1527 190 1552 cur
213 1514 388 1564 epistulis
418 1522 457 1554 et
481 1515 622 1554 sororis
653 1523 691 1554 et
722 1516 853 1554 matris
881 1516 1190 1555 imbecillitatem
1220 1524 1447 1567 aucupatur,

119 1587 319 1629 postremo
354 1593 422 1618 cur
454 1594 535 1619 non
566 1580 749 1619 audimus
780 1581 939 1631 ipsum?
996 1581 1214 1628 Retinetur,
1246 1583 1375 1630 credo,
1407 1582 1448 1621 in

119 1644 328 1694 provincia.
401 1647 530 1685 Mater
577 1654 702 1696 negat.
780 1646 1008 1693 ‘Venisset‚'
1056 1646 1193 1697 inquit,
1246 1647 1297 1685 ‘si
1345 1655 1448 1686 esset

118 1709 417 1748 denuntiatum.'
475 1713 537 1748 Tu
569 1719 672 1750 certe
705 1711 910 1761 coegisses,
943 1711 974 1749 si
1004 1713 1127 1749 ullum
1156 1713 1447 1751 firmamentum

60 1785 98 1817 25
121 1773 159 1811 in
194 1774 259 1813 illo
290 1782 388 1814 teste
418 1776 639 1826 posuisses;
674 1777 743 1814 sed
773 1776 976 1814 hominem
1010 1790 1033 1814 a
1062 1777 1220 1826 negotio
1249 1778 1447 1817 abducere

119 1839 288 1878 noluisti.
364 1842 554 1891 B‘Iagnum
595 1850 675 1880 erat
707 1841 741 1880 ei
782 1849 980 1880 certamen
1014 1842 1269 1892 propositum,
1306 1856 1447 1892 magna

118 1917 208 1942 cum
237 1906 395 1943 Graecis
423 1907 649 1954 contentio,
679 1908 746 1956 qui
771 1915 914 1953 tamen,
946 1915 987 1944 ut
1015 1907 1164 1956 opinor,
1196 1907 1322 1946 iacent
1342 1908 1444 1947 victi,

119 1969 222 2006 Nam
272 1969 342 2008 iste
390 1984 490 2009 unus
539 1979 660 2009 totam
710 1971 845 2009 Asiam
896 1971 1167 2021 magnitudine
1214 1975 1446 2022 poculorum

118 2032 374 2084 bibendoque
418 2036 623 2085 superavit.
697 2037 774 2075 Sed
815 2044 946 2074 tamen
986 2036 1072 2086 quis
1117 2037 1198 2084 tibi,
1241 2037 1359 2085 Laeli,
1395 2040 1446 2076 de

165 2148 177 2167 1
206 2136 331 2168 crimen
350 2142 401 2168 est
417 2137 447 2167 bl
466 2149 473 2169 t
497 2144 544 2180 est
561 2139 685 2170 crimen
705 2143 756 2170 cst
775 2143 820 2170 Σε
849 2140 974 2170 crimen
994 2143 1056 2172 cell.
1224 2150 1244 2180 3
1269 2140 1392 2172 dicitur
1408 2153 1449 2180 χ(

117 2190 137 2220 5
162 2181 214 2211 cui
231 2180 260 2218 k,
284 2179 442 2212 Graevius
460 2192 466 2211 τ
489 2182 545 2221 qui
562 2186 626 2214 cett.
750 2184 770 2213 8
795 2182 935 2223 lautum]
955 2183 1054 2214 latum
1074 2183 1122 2214 Bc
1245 2194 1281 2224 14
1306 2195 1445 2224 quacum

118 2224 298 2254 traiecerat
315 2223 369 2255 B:
403 2235 500 2263 quam
528 2231 644 2256 contra
670 2227 793 2256 iecerat
819 2226 965 2265 (legerat
983 2226 1022 2265 χ)
1042 2231 1090 2266 Σχ
1107 2238 1113 2257 :
1152 2238 1249 2267 quam
1267 2229 1444 2259 traiecerat

118 2267 181 2299 b15·
294 2269 331 2298 16
356 2268 534 2299 venierunt
552 2269 605 2299 Σὸ“
700 2269 778 2310 HS]
797 2270 969 2300 sextertiis
987 2269 1040 2301 B:
1065 2269 1200 2301 talentis
1216 2272 1267 2303 ’ἴε
1292 2282 1356 2303 om.
1378 2276 1442 2304 cett.

107 2311 168 2350 ’(ιίι
187 2310 244 2342 lac.
266 2313 331 2350 Σχ)
535 2322 573 2352 19
598 2312 692 2353 vivo]
712 2313 821 2343 minus
844 2312 944 2352 igitur
960 2312 1040 2343 lucri
1058 2313 1134 2344 facit
1152 2314 1225 2346 add.
1246 2315 1333 2347 codd.
1351 2327 1357 2347 ι
1382 2316 1440 2347 del.

119 2354 247 2391 Kavser
374 2365 414 2393 24
440 2354 491 2396 tu]
509 2361 565 2387 aut
583 2360 606 2386 Σ
624 2368 631 2387 z
656 2361 689 2386 at
706 2355 736 2386 b1
872 2366 912 2393 25
936 2356 977 2386 ab
997 2357 1051 2397 gad
1068 2359 1094 2397 c)
1119 2358 1174 2397 x‘v‘

176 2418 243 2441 erc.
265 2419 333 2441 1>Ro
351 2420 478 2443 FLAcco
1349 2422 1385 2450 16
