<?xml version="1.0" encoding="UTF-8"?>
<!DOCTYPE html PUBLIC "-//W3C//DTD XHTML 1.0 Transitional//EN"
    "http://www.w3.org/TR/xhtml1/DTD/xhtml1-transitional.dtd">
<html xmlns="http://www.w3.org/1999/xhtml" xml:lang="en" lang="en">
 <head>
  <title>
</title>
<meta http-equiv="Content-Type" content="text/html;charset=utf-8" />
  <meta name='ocr-system' content='tesseract 3.04.00' />
  <meta name='ocr-capabilities' content='ocr_page ocr_carea ocr_par ocr_line ocrx_word'/>
</head>
<body>
  <div class='ocr_page' id='page_1' title='image "./orationesrecogno04ciceuoft/orationesrecogno04ciceuoft_0272.png"; bbox 0 0 1747 2620; ppageno 0'>
   <div class='ocr_carea' id='block_1_1' title="bbox 170 100 1209 144">
    <p class='ocr_par' dir='ltr' id='par_1_1' title="bbox 170 100 1209 144">
     <span class='ocr_line' id='line_1_1' title="bbox 170 100 1209 144; baseline 0.003 -9"><span class='ocrx_word' id='word_1_1' title='bbox 170 105 228 144; x_wconf 88' lang='lat'><strong>40</strong></span> <span class='ocrx_word' id='word_1_2' title='bbox 250 113 308 136; x_wconf 85' lang='lat'><strong>102</strong></span> <span class='ocrx_word' id='word_1_3' title='bbox 614 100 671 137; x_wconf 86' lang='lat' dir='ltr'><strong>M.</strong></span> <span class='ocrx_word' id='word_1_4' title='bbox 702 100 871 137; x_wconf 83' lang='lat' dir='ltr'>TVLLI</span> <span class='ocrx_word' id='word_1_5' title='bbox 903 100 1209 140; x_wconf 78' lang='lat' dir='ltr'><strong>CICERONIS</strong></span> 
     </span>
    </p>
   </div>
   <div class='ocr_carea' id='block_1_2' title="bbox 165 195 1577 461">
    <p class='ocr_par' dir='ltr' id='par_1_2' title="bbox 165 195 1577 461">
     <span class='ocr_line' id='line_1_2' title="bbox 165 195 1576 278; baseline 0.004 -29"><span class='ocrx_word' id='word_1_6' title='bbox 165 195 226 278; x_wconf 44' lang='grc' dir='ltr'><strong>ἐξ</strong></span> <span class='ocrx_word' id='word_1_7' title='bbox 245 223 417 261; x_wconf 88' lang='lat' dir='ltr'><strong>possum.</strong></span> <span class='ocrx_word' id='word_1_8' title='bbox 477 212 514 251; x_wconf 92' lang='lat' dir='ltr'><strong>O</strong></span> <span class='ocrx_word' id='word_1_9' title='bbox 544 224 621 250; x_wconf 85' lang='lat' dir='ltr'><strong>nox</strong></span> <span class='ocrx_word' id='word_1_10' title='bbox 649 211 713 250; x_wconf 82' lang='lat' dir='ltr'><strong>illa</strong></span> <span class='ocrx_word' id='word_1_11' title='bbox 737 225 856 263; x_wconf 85' lang='lat' dir='ltr'><strong>quam</strong></span> <span class='ocrx_word' id='word_1_12' title='bbox 881 211 953 251; x_wconf 88' lang='lat' dir='ltr'><strong>iste</strong></span> <span class='ocrx_word' id='word_1_13' title='bbox 983 220 1040 251; x_wconf 87' lang='lat' dir='ltr'><strong>est</strong></span> <span class='ocrx_word' id='word_1_14' title='bbox 1067 212 1151 252; x_wconf 90' lang='lat' dir='ltr'><strong>dies</strong></span> <span class='ocrx_word' id='word_1_15' title='bbox 1180 221 1427 262; x_wconf 87' lang='lat' dir='ltr'><strong>consecutus,</strong></span> <span class='ocrx_word' id='word_1_16' title='bbox 1451 216 1576 254; x_wconf 88' lang='lat' dir='ltr'><strong>fausta</strong></span> 
     </span>
     <span class='ocr_line' id='line_1_3' title="bbox 209 268 1576 330; baseline 0.004 -16"><span class='ocrx_word' id='word_1_17' title='bbox 209 268 226 287; x_wconf 75' lang='lat'><strong>⁰</strong></span> <span class='ocrx_word' id='word_1_18' title='bbox 245 276 336 315; x_wconf 90' lang='lat' dir='ltr'><strong>huic</strong></span> <span class='ocrx_word' id='word_1_19' title='bbox 357 275 455 324; x_wconf 86' lang='lat' dir='ltr'><strong>urbi,</strong></span> <span class='ocrx_word' id='word_1_20' title='bbox 480 276 665 315; x_wconf 88' lang='lat' dir='ltr'><strong>miserum</strong></span> <span class='ocrx_word' id='word_1_21' title='bbox 694 291 768 325; x_wconf 90' lang='lat' dir='ltr'><strong>me,</strong></span> <span class='ocrx_word' id='word_1_22' title='bbox 792 286 927 317; x_wconf 90' lang='lat' dir='ltr'><strong>metuo</strong></span> <span class='ocrx_word' id='word_1_23' title='bbox 953 292 1003 317; x_wconf 90' lang='lat' dir='ltr'><strong>ne</strong></span> <span class='ocrx_word' id='word_1_24' title='bbox 1023 280 1177 318; x_wconf 84' lang='lat' dir='ltr'><strong>funesta</strong></span> <span class='ocrx_word' id='word_1_25' title='bbox 1198 279 1335 319; x_wconf 81' lang='lat' dir='ltr'><strong>nobis!</strong></span> <span class='ocrx_word' id='word_1_26' title='bbox 1385 280 1464 330; x_wconf 88' lang='lat' dir='ltr'><strong>Qui</strong></span> <span class='ocrx_word' id='word_1_27' title='bbox 1492 288 1576 320; x_wconf 94' lang='lat' dir='ltr'><strong>tum</strong></span> 
     </span>
     <span class='ocr_line' id='line_1_4' title="bbox 244 341 1576 395; baseline 0.003 -15"><span class='ocrx_word' id='word_1_28' title='bbox 244 341 398 380; x_wconf 89' lang='lat' dir='ltr'><strong>animus</strong></span> <span class='ocrx_word' id='word_1_29' title='bbox 427 343 472 380; x_wconf 90' lang='lat' dir='ltr'><strong>L.</strong></span> <span class='ocrx_word' id='word_1_30' title='bbox 495 342 774 381; x_wconf 88' lang='lat' dir='ltr'><strong>Flacci—nihil</strong></span> <span class='ocrx_word' id='word_1_31' title='bbox 806 342 936 382; x_wconf 85' lang='lat' dir='ltr'><strong>dicam</strong></span> <span class='ocrx_word' id='word_1_32' title='bbox 966 343 1072 382; x_wconf 89' lang='lat' dir='ltr'><strong>enim</strong></span> <span class='ocrx_word' id='word_1_33' title='bbox 1103 345 1153 383; x_wconf 90' lang='lat' dir='ltr'><strong>de</strong></span> <span class='ocrx_word' id='word_1_34' title='bbox 1183 345 1369 395; x_wconf 76' lang='lat' dir='ltr'><strong>nie—qui</strong></span> <span class='ocrx_word' id='word_1_35' title='bbox 1398 359 1508 384; x_wconf 88' lang='lat' dir='ltr'><strong>amor</strong></span> <span class='ocrx_word' id='word_1_36' title='bbox 1536 345 1576 384; x_wconf 90' lang='lat' dir='ltr'><strong>in</strong></span> 
     </span>
     <span class='ocr_line' id='line_1_5' title="bbox 244 406 1577 461; baseline 0.005 -17"><span class='ocrx_word' id='word_1_37' title='bbox 244 406 420 457; x_wconf 86' lang='lat' dir='ltr'><strong>patriam,</strong></span> <span class='ocrx_word' id='word_1_38' title='bbox 451 420 552 458; x_wconf 89' lang='lat' dir='ltr'><strong>quae</strong></span> <span class='ocrx_word' id='word_1_39' title='bbox 586 407 718 455; x_wconf 84' lang='lat' dir='ltr'><strong>virtus,</strong></span> <span class='ocrx_word' id='word_1_40' title='bbox 750 422 851 459; x_wconf 86' lang='lat' dir='ltr'><strong>quae</strong></span> <span class='ocrx_word' id='word_1_41' title='bbox 884 408 1050 460; x_wconf 84' lang='lat' dir='ltr'><strong>gravitas</strong></span> <span class='ocrx_word' id='word_1_42' title='bbox 1080 409 1247 449; x_wconf 76' lang='lat' dir='ltr'><strong>exstitit!</strong></span> <span class='ocrx_word' id='word_1_43' title='bbox 1296 412 1374 450; x_wconf 88' lang='lat' dir='ltr'><strong>Sed</strong></span> <span class='ocrx_word' id='word_1_44' title='bbox 1405 410 1501 461; x_wconf 84' lang='lat' dir='ltr'><strong>quid</strong></span> <span class='ocrx_word' id='word_1_45' title='bbox 1531 424 1577 450; x_wconf 86' lang='lat' dir='ltr'><strong>ea</strong></span> 
     </span>
    </p>
   </div>
   <div class='ocr_carea' id='block_1_3' title="bbox 244 474 1614 525">
    <p class='ocr_par' dir='ltr' id='par_1_3' title="bbox 244 474 1614 525">
     <span class='ocr_line' id='line_1_6' title="bbox 244 474 1614 525; baseline 0.004 -15"><span class='ocrx_word' id='word_1_46' title='bbox 244 484 515 511; x_wconf 91' lang='lat' dir='ltr'><strong>commemoro</strong></span> <span class='ocrx_word' id='word_1_47' title='bbox 563 487 664 523; x_wconf 88' lang='lat' dir='ltr'><strong>quae</strong></span> <span class='ocrx_word' id='word_1_48' title='bbox 713 481 796 512; x_wconf 89' lang='lat' dir='ltr'><strong>tum</strong></span> <span class='ocrx_word' id='word_1_49' title='bbox 845 488 936 513; x_wconf 90' lang='lat' dir='ltr'><strong>cum</strong></span> <span class='ocrx_word' id='word_1_50' title='bbox 985 474 1202 525; x_wconf 78' lang='lat' dir='ltr'>agebantur</span> <span class='ocrx_word' id='word_1_51' title='bbox 1250 489 1331 514; x_wconf 92' lang='lat' dir='ltr'><strong>uno</strong></span> <span class='ocrx_word' id='word_1_52' title='bbox 1381 487 1614 519; x_wconf 87' lang='lat' dir='ltr'><strong>consensu5</strong></span> 
     </span>
    </p>
   </div>
   <div class='ocr_carea' id='block_1_4' title="bbox 165 536 1578 1765">
    <p class='ocr_par' dir='ltr' id='par_1_4' title="bbox 165 536 1578 1765">
     <span class='ocr_line' id='line_1_7' title="bbox 244 536 1577 589; baseline 0.004 -14"><span class='ocrx_word' id='word_1_53' title='bbox 244 536 435 585; x_wconf 89' lang='lat' dir='ltr'><strong>omnium,</strong></span> <span class='ocrx_word' id='word_1_54' title='bbox 463 551 541 576; x_wconf 86' lang='lat' dir='ltr'><strong>una</strong></span> <span class='ocrx_word' id='word_1_55' title='bbox 570 552 666 577; x_wconf 87' lang='lat' dir='ltr'><strong>voce</strong></span> <span class='ocrx_word' id='word_1_56' title='bbox 697 538 832 589; x_wconf 91' lang='lat' dir='ltr'><strong>populi</strong></span> <span class='ocrx_word' id='word_1_57' title='bbox 864 539 1050 588; x_wconf 79' lang='lat' dir='ltr'><strong>Romani,</strong></span> <span class='ocrx_word' id='word_1_58' title='bbox 1078 554 1159 579; x_wconf 89' lang='lat' dir='ltr'><strong>uno</strong></span> <span class='ocrx_word' id='word_1_59' title='bbox 1188 540 1293 579; x_wconf 91' lang='lat' dir='ltr'><strong>orbis</strong></span> <span class='ocrx_word' id='word_1_60' title='bbox 1323 548 1445 580; x_wconf 87' lang='lat' dir='ltr'><strong>terrae</strong></span> <span class='ocrx_word' id='word_1_61' title='bbox 1475 541 1577 580; x_wconf 87' lang='lat' dir='ltr'><strong>testi-</strong></span> 
     </span>
     <span class='ocr_line' id='line_1_8' title="bbox 244 602 1578 652; baseline 0.004 -12"><span class='ocrx_word' id='word_1_62' title='bbox 244 602 379 642; x_wconf 90' lang='lat' dir='ltr'><strong>monio</strong></span> <span class='ocrx_word' id='word_1_63' title='bbox 419 603 457 641; x_wconf 93' lang='lat' dir='ltr'><strong>in</strong></span> <span class='ocrx_word' id='word_1_64' title='bbox 493 605 646 642; x_wconf 91' lang='lat' dir='ltr'><strong>caelum</strong></span> <span class='ocrx_word' id='word_1_65' title='bbox 682 603 865 643; x_wconf 82' lang='lat' dir='ltr'>laudibus</span> <span class='ocrx_word' id='word_1_66' title='bbox 905 605 1176 652; x_wconf 78' lang='lat' dir='ltr'><strong>efferebantur,</strong></span> <span class='ocrx_word' id='word_1_67' title='bbox 1215 619 1321 645; x_wconf 91' lang='lat' dir='ltr'><strong>nunc</strong></span> <span class='ocrx_word' id='word_1_68' title='bbox 1355 620 1490 645; x_wconf 81' lang='lat' dir='ltr'><strong>vereor</strong></span> <span class='ocrx_word' id='word_1_69' title='bbox 1528 620 1578 645; x_wconf 87' lang='lat' dir='ltr'><strong>ne</strong></span> 
     </span>
     <span class='ocr_line' id='line_1_9' title="bbox 244 668 1576 722; baseline 0.003 -16"><span class='ocrx_word' id='word_1_70' title='bbox 244 682 325 706; x_wconf 88' lang='lat' dir='ltr'><strong>non</strong></span> <span class='ocrx_word' id='word_1_71' title='bbox 347 669 468 707; x_wconf 88' lang='lat' dir='ltr'><strong>modo</strong></span> <span class='ocrx_word' id='word_1_72' title='bbox 489 682 569 707; x_wconf 89' lang='lat' dir='ltr'><strong>non</strong></span> <span class='ocrx_word' id='word_1_73' title='bbox 587 668 737 720; x_wconf 80' lang='lat' dir='ltr'>prosint</span> <span class='ocrx_word' id='word_1_74' title='bbox 753 683 886 708; x_wconf 82' lang='lat' dir='ltr'><strong>verum</strong></span> <span class='ocrx_word' id='word_1_75' title='bbox 909 670 1025 709; x_wconf 86' lang='lat' dir='ltr'><strong>etiam</strong></span> <span class='ocrx_word' id='word_1_76' title='bbox 1047 670 1197 722; x_wconf 82' lang='lat' dir='ltr'><strong>aliquid</strong></span> <span class='ocrx_word' id='word_1_77' title='bbox 1213 671 1374 710; x_wconf 87' lang='lat' dir='ltr'><strong>obsint?</strong></span> <span class='ocrx_word' id='word_1_78' title='bbox 1419 671 1576 711; x_wconf 84' lang='lat' dir='ltr'><strong>Etenim</strong></span> 
     </span>
     <span class='ocr_line' id='line_1_10' title="bbox 245 733 1578 785; baseline 0.004 -14"><span class='ocrx_word' id='word_1_79' title='bbox 245 734 369 772; x_wconf 89' lang='lat' dir='ltr'><strong>multo</strong></span> <span class='ocrx_word' id='word_1_80' title='bbox 417 733 605 773; x_wconf 86' lang='lat' dir='ltr'><strong>acriorem</strong></span> <span class='ocrx_word' id='word_1_81' title='bbox 656 734 926 785; x_wconf 87' lang='lat' dir='ltr'><strong>improborum</strong></span> <span class='ocrx_word' id='word_1_82' title='bbox 975 735 1173 776; x_wconf 86' lang='lat' dir='ltr'><strong>interdum</strong></span> <span class='ocrx_word' id='word_1_83' title='bbox 1220 736 1449 776; x_wconf 80' lang='lat' dir='ltr'><strong>memoriam</strong></span> <span class='ocrx_word' id='word_1_84' title='bbox 1492 751 1578 776; x_wconf 88' lang='lat' dir='ltr'><strong>esse</strong></span> 
     </span>
     <span class='ocr_line' id='line_1_11' title="bbox 244 798 1574 853; baseline 0.005 -17"><span class='ocrx_word' id='word_1_85' title='bbox 244 798 372 837; x_wconf 86' lang='lat' dir='ltr'><strong>sentio</strong></span> <span class='ocrx_word' id='word_1_86' title='bbox 402 813 520 850; x_wconf 83' lang='lat' dir='ltr'><strong>quam</strong></span> <span class='ocrx_word' id='word_1_87' title='bbox 552 801 759 840; x_wconf 83' lang='lat' dir='ltr'><strong>bonorum.</strong></span> <span class='ocrx_word' id='word_1_88' title='bbox 821 802 906 851; x_wconf 79' lang='lat' dir='ltr'><strong>Ego</strong></span> <span class='ocrx_word' id='word_1_89' title='bbox 937 809 985 849; x_wconf 86' lang='lat' dir='ltr'><strong>te,</strong></span> <span class='ocrx_word' id='word_1_90' title='bbox 1009 801 1039 839; x_wconf 89' lang='lat' dir='ltr'><strong>si</strong></span> <span class='ocrx_word' id='word_1_91' title='bbox 1070 802 1165 852; x_wconf 83' lang='lat' dir='ltr'><strong>quid</strong></span> <span class='ocrx_word' id='word_1_92' title='bbox 1195 803 1349 853; x_wconf 75' lang='lat' dir='ltr'><strong>gravius</strong></span> <span class='ocrx_word' id='word_1_93' title='bbox 1378 802 1574 850; x_wconf 84' lang='lat' dir='ltr'><strong>acciderit,</strong></span> 
     </span>
     <span class='ocr_line' id='line_1_12' title="bbox 244 863 1574 916; baseline 0.004 -15"><span class='ocrx_word' id='word_1_94' title='bbox 244 877 316 913; x_wconf 77' lang='lat' dir='ltr'><strong>ego</strong></span> <span class='ocrx_word' id='word_1_95' title='bbox 351 871 399 911; x_wconf 87' lang='lat' dir='ltr'><strong>te,</strong></span> <span class='ocrx_word' id='word_1_96' title='bbox 434 863 607 915; x_wconf 87' lang='lat' dir='ltr'><strong>inquam,</strong></span> <span class='ocrx_word' id='word_1_97' title='bbox 646 867 794 913; x_wconf 72' lang='lat' dir='ltr'><strong>Flacce,</strong></span> <span class='ocrx_word' id='word_1_98' title='bbox 834 865 1055 916; x_wconf 86' lang='lat' dir='ltr'><strong>prodidero.</strong></span> <span class='ocrx_word' id='word_1_99' title='bbox 1120 869 1155 906; x_wconf 85' lang='lat' dir='ltr'><em>O</em></span> <span class='ocrx_word' id='word_1_100' title='bbox 1190 881 1276 906; x_wconf 80' lang='lat' dir='ltr'><strong>mea</strong></span> <span class='ocrx_word' id='word_1_101' title='bbox 1308 869 1466 907; x_wconf 80' lang='lat' dir='ltr'><strong>dextera</strong></span> <span class='ocrx_word' id='word_1_102' title='bbox 1499 867 1574 914; x_wconf 90' lang='lat' dir='ltr'><strong>illa,</strong></span> 
     </span>
     <span class='ocr_line' id='line_1_13' title="bbox 246 929 1578 983; baseline 0.005 -17"><span class='ocrx_word' id='word_1_103' title='bbox 246 942 332 967; x_wconf 88' lang='lat' dir='ltr'><strong>mea</strong></span> <span class='ocrx_word' id='word_1_104' title='bbox 360 929 469 976; x_wconf 83' lang='lat' dir='ltr'><strong>fides,</strong></span> <span class='ocrx_word' id='word_1_105' title='bbox 493 942 580 968; x_wconf 85' lang='lat' dir='ltr'><strong>mea</strong></span> <span class='ocrx_word' id='word_1_106' title='bbox 609 930 810 980; x_wconf 83' lang='lat' dir='ltr'><strong>promissa,</strong></span> <span class='ocrx_word' id='word_1_107' title='bbox 836 945 926 969; x_wconf 89' lang='lat' dir='ltr'><strong>cum</strong></span> <span class='ocrx_word' id='word_1_108' title='bbox 955 938 1003 977; x_wconf 90' lang='lat' dir='ltr'><strong>te,</strong></span> <span class='ocrx_word' id='word_1_109' title='bbox 1028 932 1058 970; x_wconf 89' lang='lat' dir='ltr'><strong>si</strong></span> <span class='ocrx_word' id='word_1_110' title='bbox 1089 946 1169 971; x_wconf 93' lang='lat' dir='ltr'><strong>rem</strong></span> <span class='ocrx_word' id='word_1_111' title='bbox 1198 932 1396 983; x_wconf 80' lang='lat' dir='ltr'><strong>publicam</strong></span> <span class='ocrx_word' id='word_1_112' title='bbox 1425 947 1578 972; x_wconf 88' lang='lat' dir='ltr'><strong>conser-</strong></span> 
     </span>
     <span class='ocr_line' id='line_1_14' title="bbox 245 994 1577 1048; baseline 0.003 -16"><span class='ocrx_word' id='word_1_113' title='bbox 245 1007 434 1042; x_wconf 86' lang='lat' dir='ltr'><strong>varemus,</strong></span> <span class='ocrx_word' id='word_1_114' title='bbox 467 994 645 1033; x_wconf 75' lang='lat' dir='ltr'><strong>omniurn</strong></span> <span class='ocrx_word' id='word_1_115' title='bbox 684 996 878 1034; x_wconf 87' lang='lat' dir='ltr'><strong>bonorum</strong></span> <span class='ocrx_word' id='word_1_116' title='bbox 916 996 1111 1046; x_wconf 83' lang='lat' dir='ltr'><strong>praesidio</strong></span> <span class='ocrx_word' id='word_1_117' title='bbox 1146 999 1278 1048; x_wconf 87' lang='lat' dir='ltr'><strong>quoad</strong></span> <span class='ocrx_word' id='word_1_118' title='bbox 1314 998 1461 1038; x_wconf 79' lang='lat' dir='ltr'><strong>viveres</strong></span> <span class='ocrx_word' id='word_1_119' title='bbox 1496 1011 1577 1037; x_wconf 91' lang='lat' dir='ltr'><strong>non</strong></span> 
     </span>
     <span class='ocr_line' id='line_1_15' title="bbox 245 1060 1574 1113; baseline 0.004 -16"><span class='ocrx_word' id='word_1_120' title='bbox 245 1061 366 1099; x_wconf 87' lang='lat' dir='ltr'><strong>modo</strong></span> <span class='ocrx_word' id='word_1_121' title='bbox 388 1060 583 1098; x_wconf 87' lang='lat' dir='ltr'><strong>munitum</strong></span> <span class='ocrx_word' id='word_1_122' title='bbox 605 1062 675 1100; x_wconf 88' lang='lat' dir='ltr'><strong>sed</strong></span> <span class='ocrx_word' id='word_1_123' title='bbox 697 1060 814 1099; x_wconf 87' lang='lat' dir='ltr'><strong>etiam</strong></span> <span class='ocrx_word' id='word_1_124' title='bbox 837 1069 1016 1100; x_wconf 84' lang='lat' dir='ltr'><strong>ornatum</strong></span> <span class='ocrx_word' id='word_1_125' title='bbox 1039 1063 1121 1101; x_wconf 87' lang='lat' dir='ltr'><strong>fore</strong></span> <span class='ocrx_word' id='word_1_126' title='bbox 1142 1063 1365 1113; x_wconf 82' lang='lat' dir='ltr'><strong>pollicebar.</strong></span> <span class='ocrx_word' id='word_1_127' title='bbox 1426 1063 1574 1111; x_wconf 88' lang='lat' dir='ltr'><strong>Putavi‚</strong></span> 
     </span>
     <span class='ocr_line' id='line_1_16' title="bbox 243 1125 1575 1176; baseline 0.003 -13"><span class='ocrx_word' id='word_1_128' title='bbox 243 1125 405 1175; x_wconf 69' lang='lat' dir='ltr'><strong>speravi,</strong></span> <span class='ocrx_word' id='word_1_129' title='bbox 429 1125 545 1164; x_wconf 85' lang='lat' dir='ltr'><strong>etiam</strong></span> <span class='ocrx_word' id='word_1_130' title='bbox 576 1125 606 1163; x_wconf 87' lang='lat' dir='ltr'><strong>si</strong></span> <span class='ocrx_word' id='word_1_131' title='bbox 638 1127 765 1165; x_wconf 80' lang='lat' dir='ltr'><strong>honos</strong></span> <span class='ocrx_word' id='word_1_132' title='bbox 796 1134 927 1166; x_wconf 86' lang='lat' dir='ltr'><strong>noster</strong></span> <span class='ocrx_word' id='word_1_133' title='bbox 956 1127 1068 1166; x_wconf 84' lang='lat' dir='ltr'><strong>vobis</strong></span> <span class='ocrx_word' id='word_1_134' title='bbox 1098 1127 1207 1166; x_wconf 79' lang='lat' dir='ltr'><strong>vilior</strong></span> <span class='ocrx_word' id='word_1_135' title='bbox 1237 1128 1383 1176; x_wconf 77' lang='lat' dir='ltr'><strong>fuisset,</strong></span> <span class='ocrx_word' id='word_1_136' title='bbox 1411 1130 1575 1168; x_wconf 85' lang='lat' dir='ltr'><strong>salutem</strong></span> 
     </span>
     <span class='ocr_line' id='line_1_17' title="bbox 165 1193 1574 1244; baseline 0.004 -16"><span class='ocrx_word' id='word_1_137' title='bbox 165 1204 224 1237; x_wconf 80' lang='lat'><strong>104</strong></span> <span class='ocrx_word' id='word_1_138' title='bbox 244 1198 348 1229; x_wconf 86' lang='lat' dir='ltr'><strong>certe</strong></span> <span class='ocrx_word' id='word_1_139' title='bbox 379 1205 507 1229; x_wconf 87' lang='lat' dir='ltr'><strong>caram</strong></span> <span class='ocrx_word' id='word_1_140' title='bbox 539 1193 719 1229; x_wconf 85' lang='lat' dir='ltr'><strong>suturam.</strong></span> <span class='ocrx_word' id='word_1_141' title='bbox 780 1194 838 1230; x_wconf 70' lang='lat' dir='ltr'><strong>Ac</strong></span> <span class='ocrx_word' id='word_1_142' title='bbox 869 1194 909 1230; x_wconf 92' lang='lat' dir='ltr'><strong>L.</strong></span> <span class='ocrx_word' id='word_1_143' title='bbox 940 1194 1124 1232; x_wconf 85' lang='lat' dir='ltr'><strong>Flaccum</strong></span> <span class='ocrx_word' id='word_1_144' title='bbox 1152 1193 1324 1244; x_wconf 84' lang='lat' dir='ltr'><strong>quidem,</strong></span> <span class='ocrx_word' id='word_1_145' title='bbox 1349 1194 1507 1241; x_wconf 87' lang='lat' dir='ltr'><strong>iudices,</strong></span> <span class='ocrx_word' id='word_1_146' title='bbox 1532 1194 1574 1241; x_wconf 90' lang='lat' dir='ltr'><strong>si,</strong></span> 
     </span>
     <span class='ocr_line' id='line_1_18' title="bbox 244 1256 1574 1309; baseline 0.003 -15"><span class='ocrx_word' id='word_1_147' title='bbox 244 1257 352 1306; x_wconf 84' lang='lat' dir='ltr'><strong>quod</strong></span> <span class='ocrx_word' id='word_1_148' title='bbox 381 1256 419 1295; x_wconf 87' lang='lat' dir='ltr'><strong>di</strong></span> <span class='ocrx_word' id='word_1_149' title='bbox 447 1256 686 1296; x_wconf 82' lang='lat' dir='ltr'><strong>immortales</strong></span> <span class='ocrx_word' id='word_1_150' title='bbox 709 1271 827 1295; x_wconf 90' lang='lat' dir='ltr'><strong>omen</strong></span> <span class='ocrx_word' id='word_1_151' title='bbox 852 1266 1038 1305; x_wconf 75' lang='lat' dir='ltr'><strong>avertant,</strong></span> <span class='ocrx_word' id='word_1_152' title='bbox 1061 1258 1185 1309; x_wconf 83' lang='lat' dir='ltr'><strong>gravis</strong></span> <span class='ocrx_word' id='word_1_153' title='bbox 1214 1259 1351 1298; x_wconf 88' lang='lat' dir='ltr'><strong>iniuria</strong></span> <span class='ocrx_word' id='word_1_154' title='bbox 1372 1259 1574 1307; x_wconf 79' lang='lat' dir='ltr'><strong>adflixerit,</strong></span> 
     </span>
     <span class='ocr_line' id='line_1_19' title="bbox 245 1322 1576 1373; baseline 0.003 -14"><span class='ocrx_word' id='word_1_155' title='bbox 245 1335 461 1372; x_wconf 81' lang='lat' dir='ltr'><strong>numquam</strong></span> <span class='ocrx_word' id='word_1_156' title='bbox 506 1329 637 1361; x_wconf 88' lang='lat' dir='ltr'><strong>tamen</strong></span> <span class='ocrx_word' id='word_1_157' title='bbox 686 1322 930 1373; x_wconf 76' lang='lat' dir='ltr'><strong>prospexisse</strong></span> <span class='ocrx_word' id='word_1_158' title='bbox 969 1332 1118 1362; x_wconf 74' lang='lat' dir='ltr'><strong>vestrae</strong></span> <span class='ocrx_word' id='word_1_159' title='bbox 1164 1324 1289 1371; x_wconf 88' lang='lat' dir='ltr'><strong>saluti,</strong></span> <span class='ocrx_word' id='word_1_160' title='bbox 1315 1324 1576 1364; x_wconf 79' lang='lat' dir='ltr'><strong>&#39;consuluisse</strong></span> 
     </span>
     <span class='ocr_line' id='line_1_20' title="bbox 244 1386 1576 1440; baseline 0.003 -16"><span class='ocrx_word' id='word_1_161' title='bbox 244 1386 367 1433; x_wconf 85' lang='lat' dir='ltr'><strong>vobis,</strong></span> <span class='ocrx_word' id='word_1_162' title='bbox 383 1387 523 1434; x_wconf 82' lang='lat' dir='ltr'><strong>liberis,</strong></span> <span class='ocrx_word' id='word_1_163' title='bbox 546 1387 790 1437; x_wconf 82' lang='lat' dir='ltr'><strong>coniugibus,</strong></span> <span class='ocrx_word' id='word_1_164' title='bbox 810 1387 975 1426; x_wconf 86' lang='lat' dir='ltr'><strong>fortunis</strong></span> <span class='ocrx_word' id='word_1_165' title='bbox 996 1388 1131 1426; x_wconf 75' lang='lat' dir='ltr'><strong>vestris</strong></span> <span class='ocrx_word' id='word_1_166' title='bbox 1152 1389 1392 1439; x_wconf 74' lang='lat' dir='ltr'><strong>paenitebit3</strong></span> <span class='ocrx_word' id='word_1_167' title='bbox 1422 1403 1576 1440; x_wconf 80' lang='lat' dir='ltr'><strong>semper</strong></span> 
     </span>
     <span class='ocr_line' id='line_1_21' title="bbox 244 1451 1574 1505; baseline 0.002 -15"><span class='ocrx_word' id='word_1_168' title='bbox 244 1451 297 1490; x_wconf 88' lang='lat' dir='ltr'><strong>ita</strong></span> <span class='ocrx_word' id='word_1_169' title='bbox 326 1452 477 1499; x_wconf 86' lang='lat' dir='ltr'><strong>sentiet,</strong></span> <span class='ocrx_word' id='word_1_170' title='bbox 502 1454 619 1490; x_wconf 87' lang='lat' dir='ltr'><strong>talem</strong></span> <span class='ocrx_word' id='word_1_171' title='bbox 650 1466 690 1491; x_wconf 86' lang='lat' dir='ltr'><strong>se</strong></span> <span class='ocrx_word' id='word_1_172' title='bbox 721 1452 896 1491; x_wconf 89' lang='lat' dir='ltr'><strong>animum</strong></span> <span class='ocrx_word' id='word_1_173' title='bbox 926 1460 963 1491; x_wconf 91' lang='lat' dir='ltr'><strong>et</strong></span> <span class='ocrx_word' id='word_1_174' title='bbox 990 1453 1142 1503; x_wconf 80' lang='lat' dir='ltr'><strong>generis</strong></span> <span class='ocrx_word' id='word_1_175' title='bbox 1170 1453 1348 1504; x_wconf 81' lang='lat' dir='ltr'><strong>dignitati</strong></span> <span class='ocrx_word' id='word_1_176' title='bbox 1375 1462 1412 1493; x_wconf 89' lang='lat' dir='ltr'><strong>et</strong></span> <span class='ocrx_word' id='word_1_177' title='bbox 1440 1454 1574 1505; x_wconf 88' lang='lat' dir='ltr'><strong>pietati</strong></span> 
     </span>
     <span class='ocr_line' id='line_1_22' title="bbox 243 1517 1575 1569; baseline 0.002 -13"><span class='ocrx_word' id='word_1_178' title='bbox 243 1532 336 1557; x_wconf 89' lang='lat' dir='ltr'><strong>suae</strong></span> <span class='ocrx_word' id='word_1_179' title='bbox 371 1526 408 1556; x_wconf 89' lang='lat' dir='ltr'><strong>et</strong></span> <span class='ocrx_word' id='word_1_180' title='bbox 444 1517 589 1568; x_wconf 83' lang='lat' dir='ltr'><strong>patriae</strong></span> <span class='ocrx_word' id='word_1_181' title='bbox 624 1517 832 1565; x_wconf 81' lang='lat' dir='ltr'><strong>debuisse;</strong></span> <span class='ocrx_word' id='word_1_182' title='bbox 872 1532 941 1557; x_wconf 79' lang='lat' dir='ltr'><strong>vos</strong></span> <span class='ocrx_word' id='word_1_183' title='bbox 977 1532 1026 1556; x_wconf 88' lang='lat' dir='ltr'><strong>ne</strong></span> <span class='ocrx_word' id='word_1_184' title='bbox 1061 1518 1257 1569; x_wconf 84' lang='lat' dir='ltr'><strong>paeniteat</strong></span> <span class='ocrx_word' id='word_1_185' title='bbox 1292 1519 1356 1557; x_wconf 91' lang='lat' dir='ltr'><strong>tali</strong></span> <span class='ocrx_word' id='word_1_186' title='bbox 1389 1519 1462 1558; x_wconf 89' lang='lat' dir='ltr'><strong>civi</strong></span> <span class='ocrx_word' id='word_1_187' title='bbox 1495 1534 1575 1559; x_wconf 93' lang='lat' dir='ltr'><strong>non</strong></span> 
     </span>
     <span class='ocr_line' id='line_1_23' title="bbox 243 1582 1576 1634; baseline 0.001 -12"><span class='ocrx_word' id='word_1_188' title='bbox 243 1583 474 1634; x_wconf 87' lang='lat' dir='ltr'><strong>pepercisse,</strong></span> <span class='ocrx_word' id='word_1_189' title='bbox 494 1596 562 1633; x_wconf 84' lang='lat' dir='ltr'><strong>per</strong></span> <span class='ocrx_word' id='word_1_190' title='bbox 584 1584 680 1621; x_wconf 89' lang='lat' dir='ltr'><strong>deos</strong></span> <span class='ocrx_word' id='word_1_191' title='bbox 705 1582 944 1629; x_wconf 85' lang='lat' dir='ltr'><strong>immortalis,</strong></span> <span class='ocrx_word' id='word_1_192' title='bbox 960 1583 1126 1631; x_wconf 85' lang='lat' dir='ltr'><strong>iudices,</strong></span> <span class='ocrx_word' id='word_1_193' title='bbox 1146 1584 1358 1634; x_wconf 87' lang='lat' dir='ltr'><strong>providete.</strong></span> <span class='ocrx_word' id='word_1_194' title='bbox 1419 1586 1576 1634; x_wconf 85' lang='lat' dir='ltr'><strong>Quotus</strong></span> 
     </span>
     <span class='ocr_line' id='line_1_24' title="bbox 243 1647 1573 1700; baseline 0.002 -14"><span class='ocrx_word' id='word_1_195' title='bbox 243 1648 348 1687; x_wconf 90' lang='lat' dir='ltr'><strong>enim</strong></span> <span class='ocrx_word' id='word_1_196' title='bbox 374 1647 540 1698; x_wconf 84' lang='lat' dir='ltr'><strong>quisque</strong></span> <span class='ocrx_word' id='word_1_197' title='bbox 567 1656 625 1686; x_wconf 85' lang='lat' dir='ltr'><strong>est</strong></span> <span class='ocrx_word' id='word_1_198' title='bbox 655 1647 722 1698; x_wconf 85' lang='lat' dir='ltr'><strong>qui</strong></span> <span class='ocrx_word' id='word_1_199' title='bbox 753 1649 854 1687; x_wconf 90' lang='lat' dir='ltr'><strong>hanc</strong></span> <span class='ocrx_word' id='word_1_200' title='bbox 885 1648 923 1686; x_wconf 92' lang='lat' dir='ltr'><strong>in</strong></span> <span class='ocrx_word' id='word_1_201' title='bbox 953 1663 992 1687; x_wconf 91' lang='lat' dir='ltr'><strong>re</strong></span> <span class='ocrx_word' id='word_1_202' title='bbox 1019 1648 1178 1699; x_wconf 90' lang='lat' dir='ltr'><strong>publica</strong></span> <span class='ocrx_word' id='word_1_203' title='bbox 1204 1657 1350 1688; x_wconf 90' lang='lat' dir='ltr'><strong>sectam</strong></span> <span class='ocrx_word' id='word_1_204' title='bbox 1379 1658 1573 1700; x_wconf 88' lang='lat' dir='ltr'><strong>sequatur,</strong></span> 
     </span>
     <span class='ocr_line' id='line_1_25' title="bbox 243 1712 1574 1765; baseline 0.002 -14"><span class='ocrx_word' id='word_1_205' title='bbox 243 1713 309 1764; x_wconf 86' lang='lat' dir='ltr'><strong>qui</strong></span> <span class='ocrx_word' id='word_1_206' title='bbox 345 1713 467 1760; x_wconf 80' lang='lat' dir='ltr'><strong>vobis,</strong></span> <span class='ocrx_word' id='word_1_207' title='bbox 500 1712 566 1763; x_wconf 85' lang='lat' dir='ltr'><strong>qui</strong></span> <span class='ocrx_word' id='word_1_208' title='bbox 602 1712 716 1752; x_wconf 78' lang='lat' dir='ltr'><strong>vestri</strong></span> <span class='ocrx_word' id='word_1_209' title='bbox 751 1713 943 1752; x_wconf 83' lang='lat' dir='ltr'><strong>similibus</strong></span> <span class='ocrx_word' id='word_1_210' title='bbox 979 1715 1131 1764; x_wconf 88' lang='lat' dir='ltr'><strong>placere</strong></span> <span class='ocrx_word' id='word_1_211' title='bbox 1165 1714 1306 1765; x_wconf 89' lang='lat' dir='ltr'><strong>cupiat,</strong></span> <span class='ocrx_word' id='word_1_212' title='bbox 1340 1714 1407 1765; x_wconf 85' lang='lat' dir='ltr'><strong>qui</strong></span> <span class='ocrx_word' id='word_1_213' title='bbox 1436 1714 1574 1765; x_wconf 89' lang='lat' dir='ltr'><strong>optimi</strong></span> 
     </span>
    </p>
   </div>
   <div class='ocr_carea' id='block_1_5' title="bbox 242 1777 1609 1830">
    <p class='ocr_par' dir='ltr' id='par_1_5' title="bbox 242 1777 1609 1830">
     <span class='ocr_line' id='line_1_26' title="bbox 242 1777 1609 1830; baseline -0.001 -13"><span class='ocrx_word' id='word_1_214' title='bbox 242 1786 361 1828; x_wconf 77' lang='lat' dir='ltr'><strong>atq-ue</strong></span> <span class='ocrx_word' id='word_1_215' title='bbox 395 1777 625 1828; x_wconf 84' lang='lat' dir='ltr'><strong>amplissimi</strong></span> <span class='ocrx_word' id='word_1_216' title='bbox 657 1777 848 1829; x_wconf 80' lang='lat' dir='ltr'><strong>cuiusque</strong></span> <span class='ocrx_word' id='word_1_217' title='bbox 884 1779 1054 1817; x_wconf 84' lang='lat' dir='ltr'><strong>hominis</strong></span> <span class='ocrx_word' id='word_1_218' title='bbox 1086 1787 1204 1830; x_wconf 86' lang='lat' dir='ltr'><strong>atque</strong></span> <span class='ocrx_word' id='word_1_219' title='bbox 1235 1779 1382 1819; x_wconf 87' lang='lat' dir='ltr'><strong>ordinis</strong></span> <span class='ocrx_word' id='word_1_220' title='bbox 1411 1779 1574 1819; x_wconf 83' lang='lat' dir='ltr'><strong>auetori-</strong></span> <span class='ocrx_word' id='word_1_221' title='bbox 1596 1796 1609 1816; x_wconf 83' lang='lat'>2</span> 
     </span>
    </p>
   </div>
   <div class='ocr_carea' id='block_1_6' title="bbox 173 1843 1576 2091">
    <p class='ocr_par' dir='ltr' id='par_1_6' title="bbox 173 1843 1576 2091">
     <span class='ocr_line' id='line_1_27' title="bbox 244 1843 1573 1895; baseline 0.002 -14"><span class='ocrx_word' id='word_1_222' title='bbox 244 1851 369 1883; x_wconf 80' lang='lat' dir='ltr'><strong>tatem</strong></span> <span class='ocrx_word' id='word_1_223' title='bbox 386 1843 515 1894; x_wconf 81' lang='lat' dir='ltr'><strong>magni</strong></span> <span class='ocrx_word' id='word_1_224' title='bbox 538 1852 658 1893; x_wconf 85' lang='lat' dir='ltr'><strong>putet,</strong></span> <span class='ocrx_word' id='word_1_225' title='bbox 679 1857 760 1882; x_wconf 75' lang='lat' dir='ltr'><strong>cum</strong></span> <span class='ocrx_word' id='word_1_226' title='bbox 782 1844 887 1882; x_wconf 88' lang='lat' dir='ltr'><strong>illam</strong></span> <span class='ocrx_word' id='word_1_227' title='bbox 903 1844 1004 1883; x_wconf 74' lang='lat' dir='ltr'><strong>viam</strong></span> <span class='ocrx_word' id='word_1_228' title='bbox 1027 1845 1102 1883; x_wconf 89' lang='lat' dir='ltr'><strong>sibi</strong></span> <span class='ocrx_word' id='word_1_229' title='bbox 1117 1844 1276 1884; x_wconf 76' lang='lat' dir='ltr'><strong>videant</strong></span> <span class='ocrx_word' id='word_1_230' title='bbox 1292 1844 1573 1895; x_wconf 77' lang='lat' dir='ltr'><strong>expeditiorem</strong></span> 
     </span>
     <span class='ocr_line' id='line_1_28' title="bbox 173 1909 1576 1965; baseline 0 -16"><span class='ocrx_word' id='word_1_231' title='bbox 173 1925 225 1965; x_wconf 84' lang='lat'><strong>42</strong></span> <span class='ocrx_word' id='word_1_232' title='bbox 243 1911 294 1949; x_wconf 88' lang='lat' dir='ltr'><strong>ad</strong></span> <span class='ocrx_word' id='word_1_233' title='bbox 321 1910 490 1948; x_wconf 89' lang='lat' dir='ltr'><strong>honores</strong></span> <span class='ocrx_word' id='word_1_234' title='bbox 520 1917 557 1947; x_wconf 89' lang='lat' dir='ltr'><strong>et</strong></span> <span class='ocrx_word' id='word_1_235' title='bbox 585 1910 634 1947; x_wconf 87' lang='lat' dir='ltr'><strong>ad</strong></span> <span class='ocrx_word' id='word_1_236' title='bbox 663 1909 796 1947; x_wconf 87' lang='lat' dir='ltr'><strong>omnia</strong></span> <span class='ocrx_word' id='word_1_237' title='bbox 824 1924 924 1960; x_wconf 82' lang='lat' dir='ltr'><strong>quae</strong></span> <span class='ocrx_word' id='word_1_238' title='bbox 954 1910 1297 1961; x_wconf 83' lang='lat' dir='ltr'><strong>concupiverunt?</strong></span> <span class='ocrx_word' id='word_1_239' title='bbox 1339 1911 1417 1949; x_wconf 87' lang='lat' dir='ltr'><strong>Sed</strong></span> <span class='ocrx_word' id='word_1_240' title='bbox 1446 1918 1576 1950; x_wconf 86' lang='lat' dir='ltr'><strong>cetera</strong></span> 
     </span>
     <span class='ocr_line' id='line_1_29' title="bbox 243 1974 1574 2026; baseline 0 -12"><span class='ocrx_word' id='word_1_241' title='bbox 243 1975 320 2014; x_wconf 89' lang='lat' dir='ltr'><strong>sint</strong></span> <span class='ocrx_word' id='word_1_242' title='bbox 359 1988 521 2022; x_wconf 65' lang='lat' dir='ltr'><strong>eorumg</strong></span> <span class='ocrx_word' id='word_1_243' title='bbox 569 1974 642 2013; x_wconf 88' lang='lat' dir='ltr'><strong>sibi</strong></span> <span class='ocrx_word' id='word_1_244' title='bbox 684 1976 855 2014; x_wconf 87' lang='lat' dir='ltr'><strong>habeant</strong></span> <span class='ocrx_word' id='word_1_245' title='bbox 896 1976 1124 2026; x_wconf 87' lang='lat' dir='ltr'><strong>potentiam,</strong></span> <span class='ocrx_word' id='word_1_246' title='bbox 1166 1975 1240 2015; x_wconf 88' lang='lat' dir='ltr'><strong>sibi</strong></span> <span class='ocrx_word' id='word_1_247' title='bbox 1278 1977 1459 2023; x_wconf 86' lang='lat' dir='ltr'><strong>honores,</strong></span> <span class='ocrx_word' id='word_1_248' title='bbox 1499 1975 1574 2014; x_wconf 90' lang='lat' dir='ltr'><strong>sibi</strong></span> 
     </span>
     <span class='ocr_line' id='line_1_30' title="bbox 243 2040 1573 2091; baseline -0.001 -11"><span class='ocrx_word' id='word_1_249' title='bbox 243 2049 461 2081; x_wconf 87' lang='lat' dir='ltr'><strong>ceterorum</strong></span> <span class='ocrx_word' id='word_1_250' title='bbox 489 2042 793 2080; x_wconf 77' lang='lat' dir='ltr'><strong>commodorum</strong></span> <span class='ocrx_word' id='word_1_251' title='bbox 822 2055 996 2080; x_wconf 86' lang='lat' dir='ltr'><strong>summas</strong></span> <span class='ocrx_word' id='word_1_252' title='bbox 1023 2043 1252 2088; x_wconf 80' lang='lat' dir='ltr'><strong>facultates;</strong></span> <span class='ocrx_word' id='word_1_253' title='bbox 1284 2041 1398 2080; x_wconf 85' lang='lat' dir='ltr'><strong>liceat</strong></span> <span class='ocrx_word' id='word_1_254' title='bbox 1425 2040 1480 2079; x_wconf 88' lang='lat' dir='ltr'><strong>eis</strong></span> <span class='ocrx_word' id='word_1_255' title='bbox 1506 2040 1573 2091; x_wconf 86' lang='lat' dir='ltr'><strong>qui</strong></span> 
     </span>
    </p>
   </div>
   <div class='ocr_carea' id='block_1_7' title="bbox 241 2143 1573 2403">
    <p class='ocr_par' dir='ltr' id='par_1_7' title="bbox 241 2143 1573 2403">
     <span class='ocr_line' id='line_1_31' title="bbox 287 2143 1573 2185; baseline -0.001 -10"><span class='ocrx_word' id='word_1_256' title='bbox 287 2157 305 2185; x_wconf 84' lang='lat'>3</span> <span class='ocrx_word' id='word_1_257' title='bbox 331 2146 419 2175; x_wconf 80' lang='lat' dir='ltr'><strong>cniin</strong></span> <span class='ocrx_word' id='word_1_258' title='bbox 439 2146 545 2176; x_wconf 86' lang='lat' dir='ltr'><strong>dicam</strong></span> <span class='ocrx_word' id='word_1_259' title='bbox 564 2146 603 2176; x_wconf 87' lang='lat' dir='ltr'><strong>b:</strong></span> <span class='ocrx_word' id='word_1_260' title='bbox 633 2146 739 2176; x_wconf 82' lang='lat' dir='ltr'><strong>dicam</strong></span> <span class='ocrx_word' id='word_1_261' title='bbox 758 2146 909 2176; x_wconf 76' lang='lat' dir='ltr'><strong>Faernus</strong></span> <span class='ocrx_word' id='word_1_262' title='bbox 1042 2156 1060 2182; x_wconf 88' lang='lat'><strong>4</strong></span> <span class='ocrx_word' id='word_1_263' title='bbox 1085 2156 1171 2184; x_wconf 83' lang='lat' dir='ltr'><strong>quae</strong></span> <span class='ocrx_word' id='word_1_264' title='bbox 1191 2143 1310 2185; x_wconf 76' lang='lat' dir='ltr'><strong>virtus]</strong></span> <span class='ocrx_word' id='word_1_265' title='bbox 1329 2143 1384 2183; x_wconf 87' lang='lat' dir='ltr'><strong>qui</strong></span> <span class='ocrx_word' id='word_1_266' title='bbox 1404 2143 1532 2175; x_wconf 84' lang='lat' dir='ltr'><strong>iuratus</strong></span> <span class='ocrx_word' id='word_1_267' title='bbox 1550 2147 1573 2174; x_wconf 89' lang='grc' dir='ltr'>Σ</span> 
     </span>
     <span class='ocr_line' id='line_1_32' title="bbox 245 2187 1571 2228; baseline -0.001 -9"><span class='ocrx_word' id='word_1_268' title='bbox 245 2200 263 2228; x_wconf 78' lang='lat'>5</span> <span class='ocrx_word' id='word_1_269' title='bbox 288 2199 361 2220; x_wconf 83' lang='lat' dir='ltr'><strong>eum</strong></span> <span class='ocrx_word' id='word_1_270' title='bbox 381 2190 434 2228; x_wconf 62' lang='grc' dir='ltr'><strong>χς</strong></span> <span class='ocrx_word' id='word_1_271' title='bbox 453 2201 459 2220; x_wconf 91' lang='lat'>:</span> <span class='ocrx_word' id='word_1_272' title='bbox 484 2200 547 2220; x_wconf 84' lang='lat' dir='ltr'><strong>om.</strong></span> <span class='ocrx_word' id='word_1_273' title='bbox 571 2190 614 2220; x_wconf 79' lang='grc' dir='ltr'><strong>ΣΙ)</strong></span> <span class='ocrx_word' id='word_1_274' title='bbox 751 2200 785 2219; x_wconf 86' lang='lat'><strong>11</strong></span> <span class='ocrx_word' id='word_1_275' title='bbox 813 2189 994 2228; x_wconf 80' lang='lat' dir='ltr'><strong>prodidero</strong></span> <span class='ocrx_word' id='word_1_276' title='bbox 1014 2192 1063 2228; x_wconf 84' lang='grc' dir='ltr'><strong>Σχ</strong></span> <span class='ocrx_word' id='word_1_277' title='bbox 1082 2200 1088 2218; x_wconf 92' lang='lat'>:</span> <span class='ocrx_word' id='word_1_278' title='bbox 1113 2188 1294 2227; x_wconf 85' lang='lat' dir='ltr'><strong>perdidero</strong></span> <span class='ocrx_word' id='word_1_279' title='bbox 1310 2187 1360 2219; x_wconf 60' lang='lat' dir='ltr'><strong>bs*</strong></span> <span class='ocrx_word' id='word_1_280' title='bbox 1449 2187 1478 2218; x_wconf 95' lang='lat' dir='ltr'>O</span> <span class='ocrx_word' id='word_1_281' title='bbox 1496 2192 1571 2227; x_wconf 82' lang='lat' dir='ltr'><strong>sup·</strong></span> 
     </span>
     <span class='ocr_line' id='line_1_33' title="bbox 241 2231 1572 2272; baseline -0.001 -10"><span class='ocrx_word' id='word_1_282' title='bbox 241 2233 328 2272; x_wconf 74' lang='lat' dir='ltr'><strong>plevi</strong></span> <span class='ocrx_word' id='word_1_283' title='bbox 413 2234 553 2264; x_wconf 79' lang='lat' dir='ltr'><strong>dextera</strong></span> <span class='ocrx_word' id='word_1_284' title='bbox 572 2237 594 2263; x_wconf 90' lang='grc' dir='ltr'>Σ</span> <span class='ocrx_word' id='word_1_285' title='bbox 611 2245 615 2263; x_wconf 87' lang='grc'>;</span> <span class='ocrx_word' id='word_1_286' title='bbox 641 2234 759 2264; x_wconf 74' lang='lat' dir='ltr'><strong>dextra</strong></span> <span class='ocrx_word' id='word_1_287' title='bbox 777 2236 840 2263; x_wconf 77' lang='lat' dir='ltr'><strong>cell.</strong></span> <span class='ocrx_word' id='word_1_288' title='bbox 957 2234 994 2262; x_wconf 89' lang='lat'><strong>16</strong></span> <span class='ocrx_word' id='word_1_289' title='bbox 1019 2242 1056 2262; x_wconf 86' lang='lat' dir='ltr'><strong>ac</strong></span> <span class='ocrx_word' id='word_1_290' title='bbox 1076 2231 1130 2262; x_wconf 76' lang='grc' dir='ltr'><strong>Σὸ1</strong></span> <span class='ocrx_word' id='word_1_291' title='bbox 1146 2243 1152 2262; x_wconf 79' lang='lat' dir='ltr'><em>z</em></span> <span class='ocrx_word' id='word_1_292' title='bbox 1179 2238 1211 2262; x_wconf 86' lang='lat' dir='ltr'><strong>at</strong></span> <span class='ocrx_word' id='word_1_293' title='bbox 1227 2234 1291 2262; x_wconf 62' lang='lat' dir='ltr'><strong>cdl.</strong></span> <span class='ocrx_word' id='word_1_294' title='bbox 1423 2240 1458 2270; x_wconf 88' lang='lat'><strong>17</strong></span> <span class='ocrx_word' id='word_1_295' title='bbox 1484 2232 1572 2270; x_wconf 86' lang='lat' dir='ltr'><strong>quod</strong></span> 
     </span>
     <span class='ocr_line' id='line_1_34' title="bbox 245 2273 1571 2317; baseline -0.002 -12"><span class='ocrx_word' id='word_1_296' title='bbox 245 2276 432 2317; x_wconf 69' lang='lat' dir='ltr'><strong>Naugerius</strong></span> <span class='ocrx_word' id='word_1_297' title='bbox 452 2278 481 2317; x_wconf 61' lang='grc' dir='ltr'><strong>(ι</strong></span> <span class='ocrx_word' id='word_1_298' title='bbox 499 2292 501 2300; x_wconf 42' lang='lat' dir='ltr'>x</span> <span class='ocrx_word' id='word_1_299' title='bbox 518 2289 522 2307; x_wconf 81' lang='lat' dir='ltr'><em>z</em></span> <span class='ocrx_word' id='word_1_300' title='bbox 551 2278 581 2308; x_wconf 89' lang='lat' dir='ltr'><strong>id</strong></span> <span class='ocrx_word' id='word_1_301' title='bbox 599 2278 687 2316; x_wconf 88' lang='lat' dir='ltr'><strong>quod</strong></span> <span class='ocrx_word' id='word_1_302' title='bbox 704 2276 791 2307; x_wconf 83' lang='lat' dir='ltr'><strong>codd.</strong></span> <span class='ocrx_word' id='word_1_303' title='bbox 908 2286 948 2314; x_wconf 82' lang='lat'><strong>23</strong></span> <span class='ocrx_word' id='word_1_304' title='bbox 973 2276 1005 2305; x_wconf 90' lang='lat' dir='ltr'><strong>in</strong></span> <span class='ocrx_word' id='word_1_305' title='bbox 1025 2285 1060 2306; x_wconf 86' lang='lat' dir='ltr'><strong>re</strong></span> <span class='ocrx_word' id='word_1_306' title='bbox 1078 2286 1108 2314; x_wconf 87' lang='lat' dir='ltr'><strong>p.</strong></span> <span class='ocrx_word' id='word_1_307' title='bbox 1129 2278 1152 2306; x_wconf 90' lang='grc' dir='ltr'>Σ</span> <span class='ocrx_word' id='word_1_308' title='bbox 1169 2286 1174 2305; x_wconf 90' lang='lat'>:</span> <span class='ocrx_word' id='word_1_309' title='bbox 1200 2275 1233 2305; x_wconf 89' lang='lat' dir='ltr'><strong>in</strong></span> <span class='ocrx_word' id='word_1_310' title='bbox 1252 2285 1320 2305; x_wconf 86' lang='lat' dir='ltr'><strong>rem</strong></span> <span class='ocrx_word' id='word_1_311' title='bbox 1339 2284 1369 2313; x_wconf 91' lang='lat' dir='ltr'><strong>p.</strong></span> <span class='ocrx_word' id='word_1_312' title='bbox 1392 2273 1421 2304; x_wconf 90' lang='lat' dir='ltr'><strong>b¹</strong></span> <span class='ocrx_word' id='word_1_313' title='bbox 1441 2284 1448 2303; x_wconf 91' lang='lat'><strong>:</strong></span> <span class='ocrx_word' id='word_1_314' title='bbox 1474 2274 1520 2304; x_wconf 86' lang='lat' dir='ltr'><strong>rei</strong></span> <span class='ocrx_word' id='word_1_315' title='bbox 1541 2284 1571 2312; x_wconf 92' lang='lat' dir='ltr'><strong>p.</strong></span> 
     </span>
     <span class='ocr_line' id='line_1_35' title="bbox 243 2316 1570 2359; baseline -0.001 -12"><span class='ocrx_word' id='word_1_316' title='bbox 243 2323 305 2350; x_wconf 75' lang='lat' dir='ltr'><strong>cell.</strong></span> <span class='ocrx_word' id='word_1_317' title='bbox 486 2323 528 2351; x_wconf 87' lang='lat'><strong>26</strong></span> <span class='ocrx_word' id='word_1_318' title='bbox 553 2331 626 2351; x_wconf 89' lang='lat' dir='ltr'><strong>cum</strong></span> <span class='ocrx_word' id='word_1_319' title='bbox 644 2320 707 2359; x_wconf 64' lang='lat' dir='ltr'><strong>mk,</strong></span> <span class='ocrx_word' id='word_1_320' title='bbox 727 2320 896 2351; x_wconf 72' lang='lat' dir='ltr'><strong>Faernus:</strong></span> <span class='ocrx_word' id='word_1_321' title='bbox 923 2329 986 2351; x_wconf 85' lang='lat' dir='ltr'><strong>om.</strong></span> <span class='ocrx_word' id='word_1_322' title='bbox 1007 2322 1069 2349; x_wconf 77' lang='lat' dir='ltr'><strong>cett.</strong></span> <span class='ocrx_word' id='word_1_323' title='bbox 1093 2319 1134 2358; x_wconf 61' lang='lat' dir='ltr'><strong>(si</strong></span> <span class='ocrx_word' id='word_1_324' title='bbox 1151 2322 1226 2349; x_wconf 76' lang='lat' dir='ltr'><strong>ante</strong></span> <span class='ocrx_word' id='word_1_325' title='bbox 1241 2318 1303 2349; x_wconf 83' lang='lat' dir='ltr'><strong>sibi</strong></span> <span class='ocrx_word' id='word_1_326' title='bbox 1320 2316 1427 2358; x_wconf 83' lang='lat' dir='ltr'><strong>suppl.</strong></span> <span class='ocrx_word' id='word_1_327' title='bbox 1443 2316 1570 2357; x_wconf 74' lang='lat' dir='ltr'><strong>Baiter)</strong></span> 
     </span>
     <span class='ocr_line' id='line_1_36' title="bbox 245 2362 1180 2403; baseline 0.003 -12"><span class='ocrx_word' id='word_1_328' title='bbox 245 2363 379 2394; x_wconf 76' lang='lat' dir='ltr'><strong>videant</strong></span> <span class='ocrx_word' id='word_1_329' title='bbox 398 2363 476 2395; x_wconf 68' lang='lat' dir='ltr'><strong>Eblk</strong></span> <span class='ocrx_word' id='word_1_330' title='bbox 491 2374 497 2394; x_wconf 93' lang='lat'>:</span> <span class='ocrx_word' id='word_1_331' title='bbox 522 2364 638 2395; x_wconf 87' lang='lat' dir='ltr'><strong>vident</strong></span> <span class='ocrx_word' id='word_1_332' title='bbox 655 2366 720 2394; x_wconf 75' lang='lat' dir='ltr'><strong>cell.</strong></span> <span class='ocrx_word' id='word_1_333' title='bbox 854 2373 896 2403; x_wconf 81' lang='lat'><strong>29</strong></span> <span class='ocrx_word' id='word_1_334' title='bbox 921 2362 960 2393; x_wconf 82' lang='lat' dir='ltr'><strong>iis</strong></span> <span class='ocrx_word' id='word_1_335' title='bbox 976 2362 996 2393; x_wconf 79' lang='lat' dir='ltr'><em>k</em></span> <span class='ocrx_word' id='word_1_336' title='bbox 1013 2373 1020 2393; x_wconf 74' lang='grc' dir='ltr'><strong><em>ι</em></strong></span> <span class='ocrx_word' id='word_1_337' title='bbox 1045 2362 1097 2393; x_wconf 88' lang='lat' dir='ltr'><strong>his</strong></span> <span class='ocrx_word' id='word_1_338' title='bbox 1115 2366 1180 2394; x_wconf 79' lang='lat' dir='ltr'><strong>cclt.</strong></span> 
     </span>
    </p>
   </div>
   <div class='ocr_carea' id='block_1_8' title="bbox 1601 815 1638 837">
    <p class='ocr_par' dir='ltr' id='par_1_8' title="bbox 1601 815 1638 837">
     <span class='ocr_line' id='line_1_37' title="bbox 1601 815 1638 837; baseline 0 0"><span class='ocrx_word' id='word_1_339' title='bbox 1601 815 1638 837; x_wconf 81' lang='lat'><strong>10</strong></span> 
     </span>
    </p>
   </div>
   <div class='ocr_carea' id='block_1_9' title="bbox 1596 1467 1636 1489">
    <p class='ocr_par' dir='ltr' id='par_1_9' title="bbox 1596 1467 1636 1489">
     <span class='ocr_line' id='line_1_38' title="bbox 1596 1467 1636 1489; baseline 0.025 -1"><span class='ocrx_word' id='word_1_340' title='bbox 1596 1467 1636 1489; x_wconf 88' lang='lat'><strong>20</strong></span> 
     </span>
    </p>
   </div>
  </div>
 </body>
</html>
