1747 2620
184 74 210 102 2
232 81 248 112 5
601 64 658 102 M.
685 63 855 101 TVLLI
887 62 1195 101 CICERONIS

281 178 386 217 Cum
406 176 717 216 adulescentiam
737 175 899 222 notaris,
917 187 1010 212 cum
1030 172 1225 224 reliquum
1245 181 1401 225 tempus
1420 176 1559 214 aetatis

227 241 479 296 turpitudinis
519 239 683 279 maculis
721 240 995 290 consperseris,
1028 252 1119 277 cum
1158 240 1393 290 privatarum
1431 252 1560 278 rerum

226 308 368 354 ruinas,
408 319 500 345 cum
540 304 779 344 domesticas
822 305 942 352 labes,
984 317 1075 342 cum
1115 304 1306 343 urbanam
1344 304 1558 351 infamiam,

226 387 317 412 cum
358 372 589 422 Hispaniae,
622 370 784 418 Galliae,
817 369 990 417 Ciliciae,
1029 371 1180 418 Cretae,
1214 370 1358 420 quibus
1397 368 1437 407 in
1475 383 1561 420 pro-

227 440 364 477 vinciis
391 452 472 476 non
499 438 666 476 obscure
687 444 861 475 versatus
890 444 958 484 est,
982 436 1074 475 vitia
1099 444 1140 476 et
1167 437 1312 485 flagitia
1340 435 1557 486 protuleris,
1580 455 1598 487 5

226 512 309 543 tum
341 504 514 554 denique
548 503 646 553 quid
679 501 877 540 Tmolitae
912 509 950 540 et
987 503 1224 551 Dorylenses
1259 502 1309 539 de
1341 503 1382 539 L.
1416 502 1560 539 Flacco

228 569 450 608 existiment
498 567 716 606 audiemus.
796 568 927 616 Quem
974 580 1067 605 vero
1114 574 1172 605 tot
1219 573 1299 605 tam
1346 580 1560 617 gravesque

228 634 452 686 provinciae
486 635 636 672 salvum
672 646 758 671 esse
792 631 964 682 cupiant,
999 645 1118 682 quem
1154 631 1309 682 plurimi
1342 633 1447 670 cives
1477 638 1561 670 tota

229 715 275 739 ex
315 700 428 739 Italia
466 699 635 738 devincti
678 698 970 737 necessitudine
1015 711 1061 736 ac
1100 704 1292 736 vetustate
1332 697 1559 744 defendant,

228 780 346 817 quem
387 767 484 803 haec
529 763 753 802 communis
801 772 979 801 nostrum
1019 762 1198 801 omnium
1242 763 1367 813 patria
1405 770 1563 813 propter
1586 780 1622 802 10

229 838 425 870 recentem
454 829 598 869 summi
619 830 788 868 benefici
811 828 1043 867 memoriam
1064 829 1271 878 complexa
1292 835 1434 874 teneat,
1456 828 1563 865 hunc

228 898 344 936 etiam
393 896 424 935 si
467 903 550 935 tota
588 894 683 933 Asia
722 895 902 944 deposcit
950 895 1000 932 ad
1049 894 1296 944 supplicium,
1337 893 1561 940 defendam,

228 964 414 1001 resistam.
494 961 637 1011 Quid?
690 960 721 998 si
769 973 898 1009 neque
944 967 1026 997 tota
1071 973 1202 1009 neque
1246 958 1397 1008 optima
1434 971 1563 1008 neque

228 1028 452 1077 incorrupta
481 1040 611 1077 neque
641 1039 711 1064 sua
742 1033 882 1074 sponte
913 1038 986 1062 nec
1018 1025 1098 1062 iure
1129 1037 1203 1062 nec
1234 1037 1340 1061 more
1371 1036 1444 1061 nec
1473 1036 1562 1061 vere

229 1108 301 1133 nec
331 1094 509 1144 religiose
540 1106 612 1131 nec
643 1092 804 1141 integre,
832 1090 862 1129 si
895 1090 1077 1140 impulsa,
1105 1091 1135 1128 si
1167 1089 1383 1136 sollicitata,
1413 1090 1444 1127 si
1474 1102 1563 1127 con-
1587 1104 1624 1137 15

229 1159 355 1206 citata,
372 1159 401 1197 si
424 1166 571 1205 coacta,
591 1157 620 1195 si
644 1157 774 1206 impie,
790 1156 820 1194 si
845 1164 1000 1203 temere,
1021 1154 1053 1193 si
1074 1156 1227 1205 cupide,
1246 1154 1277 1193 si
1299 1155 1566 1192 inconstanter

229 1238 375 1263 nomen
403 1238 518 1263 suum
541 1223 646 1261 misit
675 1222 713 1260 in
736 1223 811 1259 lioc
833 1220 1023 1260 iudicium
1053 1235 1121 1272 per
1143 1220 1414 1271 egentissimos
1442 1220 1561 1268 testis,

228 1290 313 1340 ipsa
351 1297 481 1329 autem
518 1289 614 1327 nihil
650 1287 759 1338 queri
794 1301 883 1326 vere
918 1288 968 1326 de
1002 1286 1151 1324 iniuriis
1189 1293 1330 1337 potest,
1365 1293 1562 1333 tamenne,

230 1355 390 1403 iudices,
423 1357 520 1394 haec
553 1355 605 1393 ad
636 1354 753 1392 breve
784 1361 939 1402 tempus
975 1352 1110 1390 audita
1139 1351 1343 1401 longinqui
1378 1351 1565 1402 temporis

230 1421 473 1471 cognitarum
504 1433 632 1459 rerum
655 1420 774 1457 fidem
797 1418 1076 1468 derogabunt?
1124 1417 1291 1456 Tenebo
1318 1416 1432 1466 igitur
1458 1418 1565 1455 hunc
1586 1432 1626 1455 20

229 1487 409 1526 ordinem
449 1487 633 1525 defensor
673 1498 792 1534 quem
836 1484 931 1535 fugit
980 1483 1172 1531 inimicus,
1206 1491 1252 1533 xet
1296 1491 1565 1521 accusatorem

230 1553 378 1603 urgebo
407 1559 525 1602 atque
557 1552 738 1600 insequar
765 1557 804 1588 et
829 1551 930 1588 ultro
961 1550 1109 1589 crimen
1139 1550 1190 1588 ab
1217 1548 1438 1587 adversario
1462 1547 1567 1598 flagi-

231 1619 334 1657 tabo.
386 1617 495 1667 Quid
511 1624 579 1664 est,
600 1614 740 1654 Laeli?
768 1629 862 1654 num
886 1616 981 1666 quid
998 1629 1044 1654 ea
1059 1617 1085 1655 d
1108 1647 1114 1654 .
1140 1646 1146 1653 .
1166 1616 1215 1654 d.
1235 1646 1242 1653 .
1262 1629 1307 1653 ea
1328 1645 1334 1652 .
1358 1644 1365 1651 .
1391 1615 1431 1652 f.
1455 1644 1463 1652 .
1487 1644 1494 1652 .
1514 1627 1566 1652 no

231 1683 296 1734 qui
319 1683 479 1733 quidem
505 1696 586 1721 non
614 1683 653 1720 in
681 1682 822 1720 umbra
843 1695 972 1732 neque
994 1681 1033 1719 in
1056 1681 1156 1720 illius
1183 1680 1320 1719 aetatis
1348 1679 1565 1730 disciplinis

230 1749 457 1798 artibusque
487 1756 660 1786 versatus
690 1748 780 1786 est?
830 1748 988 1786 Etenim
1019 1760 1115 1797 puer
1144 1760 1234 1785 cum
1265 1753 1373 1796 patre
1403 1746 1565 1783 consule
1586 1762 1624 1794 ²5

231 1815 281 1852 ad
309 1814 454 1852 bellum
477 1822 535 1851 est
557 1814 764 1862 profectus.
827 1812 1025 1851 Nimirum
1047 1813 1165 1850 etiam
1193 1812 1268 1850 hoc
1298 1810 1384 1861 ipso
1405 1809 1565 1849 nomine

231 1879 379 1930 aliquid
402 1909 410 1917 .
433 1909 440 1917 .
466 1880 499 1916 ia
523 1891 587 1917 sus
606 1892 672 1913 Μ*

279 1995 291 2014 1
319 1983 456 2015 relicum
476 1983 517 2013 M
630 1986 652 2015 6
677 1984 809 2016 molitae
829 1985 880 2016 M:
904 1995 981 2017 corr.
1005 1985 1081 2016 Mai
1152 1983 1361 2023 Dorylenses
1378 1983 1566 2013 Mommsen

235 2029 283 2067 (cf.
299 2029 398 2068 §39):
424 2028 547 2059 Loreni
565 2028 604 2058 M
620 2040 626 2059 ε
654 2029 834 2068 Lorymcni
848 2029 1001 2059 Het'nm'clz
1093 2039 1110 2068 7
1134 2027 1338 2069 gravesque]
1352 2028 1429 2067 sort.
1447 2037 1566 2063 graves

231 2083 251 2111 9
276 2077 474 2102 vetustatem
496 2072 555 2102 M:
590 2084 669 2104 corr.
693 2073 794 2103 Orcllz‘
903 2082 938 2110 13
966 2083 1073 2112 neque
1098 2073 1242 2113 optimos
1263 2083 1373 2111 neque
1392 2071 1566 2107 incorrupt

233 2115 292 2145 M:
317 2126 395 2147 corr.
417 2116 542 2155 Peyron
639 2127 675 2156 15
702 2116 843 2156 impulsa
862 2116 988 2156 Prymn
1008 2128 1014 2147 :
1040 2116 1158 2146 iniuria
1177 2115 1218 2145 M
1323 2117 1361 2146 16
1386 2114 1487 2153 impia
1505 2112 1566 2143 M:

233 2170 309 2190 corr.
333 2159 436 2189 Orelli
605 2170 646 2199 23
670 2160 750 2198 quid
768 2159 1032 2192 adulescentiam
1053 2159 1088 2191 L.
1109 2159 1216 2191 Flacci
1235 2158 1356 2190 notasti
1376 2158 1455 2197 zqui
1474 2157 1569 2187 Beier

233 2212 274 2241 :34
298 2202 454 2242 equidem
474 2202 535 2234 M:
559 2213 638 2234 corr.
658 2203 753 2235 Beier
