1747 2620
218 103 244 141 4

266 109 284 141 9
635 93 692 134 M.⁴
723 92 891 130 TVLLI
924 91 1231 131 CICERONIS

246 204 425 245 otium?
454 206 563 256 quod
590 205 642 244 ita
669 203 887 243 iucundum
914 211 973 243 est
999 211 1041 242 ut
1069 212 1106 242 et
1127 217 1196 243 vos
1223 212 1262 242 et
1289 203 1455 243 maiores
1476 202 1593 243 vestri

204 876 243 899 10

217 1520 242 1559 5

266 278 305 310 et
343 270 575 310 fortissimus
610 269 778 320 quisque
812 269 868 307 vir
901 269 1093 308 maximos
1131 268 1286 307 labores
1320 268 1594 318 suscipiendos

265 343 387 386 putet,
412 342 454 374 ut
483 335 698 385 aliquando
725 333 765 371 in
797 333 879 372 otio
910 333 1033 383 possit
1063 347 1160 381 esse,
1191 333 1419 384 praesertim
1448 333 1489 372 in
1519 334 1590 372 im-

264 401 373 452 perio
402 414 448 439 ac
477 400 677 450 dignitate.
738 398 846 448 Quin
877 398 1024 437 idcirco
1053 399 1171 437 etiam
1203 399 1416 437 maioribus
1450 399 1592 437 nostris

264 466 515 516 praecipuam
563 466 720 504 laudem
768 464 1011 515 gratiamque
1054 465 1258 511 debemus,
1299 465 1409 514 quod
1455 477 1591 503 eorum
1610 480 1627 511 5

265 531 399 570 labore
423 538 481 570 est
507 532 654 569 factum
675 530 732 569 uti
754 529 915 581 impune
942 529 982 567 in
1010 529 1092 568 otio
1119 543 1204 569 esse
1222 543 1441 581 possemus.
1502 530 1593 578 Qua

265 610 305 636 re
325 597 393 647 qui
413 610 575 647 possum
596 609 677 635 non
698 609 783 634 esse
803 594 1014 646 popularis,
1037 608 1129 633 cum
1150 594 1305 633 videam
1327 596 1424 633 haec
1445 594 1592 643 omnia,

266 661 448 711 Quirites,
476 675 615 712 pacem
645 668 857 708 externam,
887 660 1107 699 libertatem
1138 660 1335 711 propriam
1365 659 1518 710 generis
1546 673 1593 698 ac

263 727 435 766 nominis
469 727 595 775 vestri,
632 727 757 766 otium
796 725 1070 773 domesticum,
1107 725 1281 776 denique
1319 725 1453 764 omnia
1491 738 1592 775 quae

261 792 374 831 vobis
393 795 483 831 'cara
503 800 621 842 atque
641 793 772 842 ampla
799 799 890 830 sunt
920 791 959 829 in
985 792 1103 830 fidem
1132 799 1170 829 et
1198 792 1373 842 quodam
1398 792 1521 830 modo
1550 790 1591 829 in
1613 805 1652 828 10

262 857 524 909 patrocinium
563 857 641 896 mei
675 858 902 896 consulatus
937 870 1022 896 esse
1056 858 1242 896 conlata?
1298 858 1442 907 Neque
1471 856 1588 904 enim,

263 922 447 972 Quirites,
470 922 567 961 illud
597 922 709 961 vobis
739 921 957 960 iucundum
988 929 1055 960 aut
1087 924 1276 972 populare
1307 922 1427 960 debet
1456 922 1589 970 videri,

260 988 411 1039 largitio
441 988 573 1039 aliqua
602 989 858 1039 promulgata,
882 1001 984 1038 quae
1013 987 1141 1026 verbis
1172 987 1358 1026 ostentari
1388 995 1528 1038 potest,
1551 1001 1592 1026 re

261 1068 350 1093 vera
364 1054 445 1093 fieri
459 1054 532 1092 nisi
546 1055 736 1093 exhausto
750 1053 898 1092 aerario
912 1054 1021 1092 nullo
1038 1060 1154 1103 pacto
1169 1060 1299 1103 potest
1315 1067 1325 1101 3
1353 1066 1483 1102 neque
1498 1066 1591 1092 vero

261 1121 326 1159 illa
350 1120 553 1171 popularia
580 1128 670 1158 sunt
700 1120 971 1167 existimanda,
999 1119 1234 1158 iudiciorum
1264 1118 1587 1169 perturbationes,
1613 1138 1650 1169 15

261 1200 389 1225 rerum
409 1185 668 1224 iudicatarum
690 1185 985 1232 infirmationes,
1002 1184 1195 1223 restitutio
1212 1185 1500 1232 damnatorum,
1523 1184 1591 1234 qui

260 1251 462 1290 civitatum
491 1251 738 1290 adflictarum
768 1250 929 1301 perditis
958 1250 1035 1288 iam
1065 1250 1181 1289 rebus
1203 1249 1364 1288 extremi
1385 1249 1591 1288 exitiorum

262 1318 389 1355 solent
410 1329 495 1355 esse
515 1316 640 1354 exitus
654 1331 664 1364 3
694 1329 778 1363 nec,
810 1315 841 1353 si
868 1315 935 1366 qui
959 1328 1071 1365 agros
1098 1316 1247 1365 populo
1269 1316 1454 1352 Romano
1483 1314 1593 1365 polli-

262 1389 409 1429 centur,
433 1381 463 1420 si
493 1381 600 1420 aliud
628 1381 820 1432 quiddam
850 1381 1018 1420 obscure
1046 1380 1271 1427 moliuntur,
1304 1380 1411 1418 aliud
1447 1393 1516 1430 spe
1545 1393 1592 1418 ac

262 1446 393 1498 specie
414 1446 674 1485 simulationis
691 1453 901 1494 ostentant,
923 1447 1132 1496 populares
1153 1445 1400 1484 existimandi
1423 1453 1523 1483 sunt.
1612 1464 1651 1486 20

317 1513 422 1550 Nam
455 1526 545 1551 vere
578 1511 719 1558 dicam,
753 1511 938 1560 Quirites,
974 1524 1097 1561 genus
1133 1510 1262 1561 ipsum
1295 1510 1389 1560 legis
1422 1511 1592 1561 agrariae

262 1577 480 1628 vituperare
500 1591 580 1615 non
602 1590 774 1627 possum.
835 1575 955 1614 Venit
976 1575 1081 1614 enim
1104 1575 1199 1613 mihi
1228 1575 1268 1612 in
1296 1583 1469 1614 mentem
1491 1577 1591 1614 duos

262 1642 508 1689 clarissimos,
531 1641 877 1692 ingeniosissimos,
901 1641 1193 1679 amantissimos
1224 1640 1353 1690 plebei
1386 1643 1592 1680 Romanae

263 1708 374 1755 viros,
407 1708 466 1745 Ti.
500 1715 537 1746 et
559 1709 602 1746 C.
627 1709 842 1754 Gracchos,
866 1707 1024 1756 plebem
1054 1707 1092 1744 in
1123 1706 1222 1757 agris
1251 1706 1419 1756 publicis
1451 1707 1592 1745 consti-

262 1773 392 1820 tuisse,
416 1772 483 1822 qui
510 1772 589 1822 agri
613 1786 635 1810 a
663 1772 820 1822 privatis
854 1780 969 1810 antea
997 1760 1314 1822 possidebantur.
1383 1774 1475 1811 Non
1503 1786 1589 1811 sum
1612 1791 1648 1822 25

261 1845 393 1876 autem
424 1851 496 1888 ego
526 1837 557 1875 is
587 1839 725 1875 consul
761 1837 838 1887 qui,
873 1845 914 1875 ut
948 1837 1134 1888 plerique,
1171 1839 1279 1876 nefas
1314 1852 1399 1876 esse
1431 1839 1591 1877 arbitrer

263 1904 465 1942 Gracchos
494 1904 664 1949 laudare,
688 1916 856 1952 quorum
880 1902 1063 1949 consiliis,
1089 1903 1290 1953 sapientia,
1315 1903 1466 1953 legibus
1497 1906 1592 1942 mul-

311 2019 322 2039 1
350 2008 428 2047 quid
444 2007 507 2037 E¹e
597 2012 629 2038 et
649 2008 795 2038 maiores
813 2008 914 2038 vestri
934 2018 996 2038 0111.
1016 2007 1098 2047 Lag.
1119 2018 1140 2046 9
1228 2018 1248 2046 3
1273 2008 1305 2037 in
1326 2009 1416 2048 (mile
1432 2008 1589 2048 imperioN

262 2062 328 2083 0111.
340 2052 409 2082 Een
500 2062 519 2090 4
544 2051 623 2090 quin
638 2050 798 2091 Madvzg:
822 2052 876 2091 qui
891 2051 979 2082 codd.
1052 2052 1151 2082 etiam
1169 2062 1234 2082 0111.
1246 2051 1277 2081 E
1363 2054 1383 2082 6
1408 2053 1454 2082 uti
1466 2052 1532 2083 Ec:
1557 2059 1591 2083 ut

262 2100 326 2126 cett.
417 2095 586 2134 possimus
602 2107 625 2124 ω
738 2097 758 2125 8
783 2095 932 2134 Quirites
950 2106 1013 2125 0111.
1034 2095 1085 2125 E:
1110 2106 1197 2134 quae
1215 2095 1267 2125 ΓΝ
1372 2106 1409 2126 10
1434 2096 1530 2126 nobis
1547 2096 1593 2126 Ee

263 2140 294 2169 in
311 2140 411 2169 fidem
426 2149 491 2169 0111.
504 2139 537 2169 E
605 2144 638 2169 ct
654 2139 685 2170 ς’
701 2150 708 2169 :
733 2144 768 2169 ut
779 2142 843 2170 cett.
921 2149 959 2177 19
984 2139 1009 2168 si
1024 2139 1053 2173 k,
1071 2138 1235 2178 Angelius
1252 2150 1257 2168 z
1283 2139 1343 2169 sed
1354 2139 1391 2173 οἳ,
1407 2139 1590 2170 Garatoni:

262 2183 321 2213 sed
346 2183 372 2213 si
398 2186 462 2213 cell.
484 2182 540 2223 (c‘2)
647 2183 804 2221 quiddam
830 2182 858 2216 k,
886 2181 1073 2221 Nangsrfns
1093 2184 1141 2223 (Ι)
1162 2193 1168 2212 :
1201 2183 1335 2221 quidem
1360 2182 1474 2213 EeNc:
1507 2183 1587 2222 quid

262 2230 314 2256 est
332 2225 428 2264 Μμχι
586 2236 627 2264 23
651 2226 871 2256 amicissimos
888 2225 972 2264 Lag.
991 2235 1012 2263 9
1142 2225 1229 2264 plebi
1247 2225 1335 2256 codd.
1362 2237 1368 2255 :
1392 2236 1470 2257 corr.
1490 2226 1535 2257 ed.
1557 2226 1590 2256 R

262 2280 302 2307 24
328 2269 494 2307 tyberium
512 2274 545 2300 et
562 2270 671 2308 gaium
689 2268 735 2300 Ee
910 2270 951 2299 26
975 2268 1118 2299 arbitrer
1135 2268 1231 2307 nosve
1246 2280 1252 2299 :
1275 2269 1421 2300 arbitror
1438 2280 1458 2300 η
1474 2281 1481 2300 :
1505 2269 1589 2300 arbi-

262 2317 370 2344 trarer
381 2316 447 2342 cett.
469 2313 537 2353 (χὶ)
