1716 2662
325 94 435 132 PRO
465 94 509 132 C.
543 92 782 131 RABIRIO
814 92 1078 131 POSTVMO
1109 93 1327 131 ORATIO
1464 92 1488 129 8
1511 107 1548 130 ει

160 217 280 255 opere
308 211 588 243 contemneret.
649 202 842 242 Gabinius
872 203 981 250 illud,
1008 216 1172 253 quoquo
1195 202 1359 241 consilio
1384 203 1491 247 fecit,

161 268 251 308 fecit
284 278 391 308 certe
424 283 522 317 su03
565 281 844 319 quaecumque
875 281 989 306 mens
1024 266 1089 305 illa
1123 267 1206 313 fuit,
1232 267 1377 306 Gabini
1406 268 1488 305 fuit.

160 333 249 373 Sive
269 334 343 381 ille,
367 342 410 372 ut
439 334 523 384 ipse
552 333 722 380 dicebat,
745 333 920 384 gloriam,
944 331 1038 381 sive,
1061 340 1103 371 ut
1127 340 1170 371 tu
1190 332 1257 379 vis,
1281 331 1489 383 pecuniam

160 398 363 449 quaesivit,
393 398 478 444 sibi,
511 412 586 436 non
612 399 779 437 Rabirio
802 399 1023 448 quaesivit,·
1058 399 1248 436 Rabirius
1277 398 1376 434 enim
1410 410 1492 435 non

123 479 141 511 5
160 463 305 502 Gabini
327 477 461 502 comes
480 465 541 502 vel
558 470 726 501 sectator
743 476 816 501 nec
835 463 886 501 ad
909 462 1068 510 Gabini,
1089 462 1200 500 cuius
1222 461 1262 500 id
1289 462 1491 510 negotium

159 542 241 566 non
268 535 358 575 erat,
382 530 452 568 sed
477 530 528 567 ad
559 531 599 566 P.
624 527 794 575 Lentuli,
824 527 1026 566 clarissimi
1054 526 1134 575 viri,
1169 526 1441 565 auctoritatem
1468 538 1492 563 a

159 602 297 632 senatu
323 595 540 644 profectam
559 600 600 633 et
621 593 787 632 consilio
813 601 920 632 certo
941 600 980 632 et
1009 606 1078 643 spe
1108 606 1189 631 non
1219 591 1340 630 dubia
1361 593 1492 629 Roma

160 660 428 698 contenderat.

213 726 267 763 At
298 724 496 764 dioecetes
526 724 597 763 fuit
629 724 767 776 regius.
827 726 877 763 Et
910 723 1072 775 quidem
1101 725 1140 762 in
1167 722 1346 762 custodia
1372 720 1490 760 etiam
1514 733 1550 755 22

102 803 143 827 10
159 788 233 829 fuit
251 789 355 840 regia
373 797 412 829 et
432 791 489 829 vis
508 790 610 830 vitae
630 790 714 829 eius
733 791 864 829 adlata
884 803 1010 840 paene
1031 797 1089 828 est
1105 804 1115 837 ,-
1144 790 1266 827 multa
1293 794 1491 838 praeterea

158 868 261 906 quae
293 854 417 893 libido
443 855 552 905 regis,
590 868 691 905 quae
718 854 931 893 necessitas
960 853 1089 904 coegit
1118 855 1295 904 perferre,
1320 850 1487 902 pertulit.

159 920 337 967 Quarum
368 919 547 959 omnium
577 933 706 958 rerum
732 934 811 958 una
839 918 1091 970 reprehensio
1118 926 1177 957 est
1197 919 1306 968 quod
1327 930 1490 967 regnum

159 985 318 1033 intrarit,
359 986 468 1036 quod
507 984 691 1036 potestati
728 998 766 1023 se
803 983 902 1035 regis
943 982 1192 1023 commiserit.
1265 984 1414 1020 Verum
1457 980 1490 1019 si

159 1049 396 1100 quaerimus,
435 1052 561 1089 stulte.
641 1049 751 1100 Quid
793 1049 900 1089 enim
950 1048 1104 1087 stultius
1152 1061 1272 1098 quam
1314 1046 1487 1097 equitem

102 1130 138 1161 15
161 1116 389 1154 Romanum
419 1129 466 1154 ex
491 1116 565 1153 hac
595 1115 702 1162 urbe,
725 1116 852 1162 huius,
876 1113 1052 1164 inquam,
1073 1113 1126 1152 rei
1147 1112 1329 1163 publicae
1349 1111 1489 1160 civem,

159 1194 261 1230 quae
281 1188 339 1218 est
363 1193 442 1218 una
466 1179 634 1218 maxime
659 1187 697 1218 et
724 1179 797 1218 fuit
827 1193 981 1229 semper
1009 1178 1141 1226 libera,
1163 1178 1296 1216 venire
1327 1176 1368 1215 in
1396 1190 1487 1214 eum

158 1247 291 1284 locum
312 1245 380 1283 ubi
401 1246 619 1296 parendum
639 1245 749 1282 alteri
770 1251 810 1283 et
831 1243 1083 1283 serviendum
1104 1243 1182 1281 sit?
1238 1243 1317 1281 Sed
1346 1255 1419 1292 ego
1447 1240 1487 1279 in

159 1311 235 1348 hoc
274 1317 408 1348 tamen
445 1312 636 1349 Postumo
675 1323 757 1348 non
796 1308 1008 1359 ignoscam,
1049 1307 1201 1347 homini
1240 1305 1489 1346 mediocriter

160 1377 291 1422 docto,
314 1376 355 1413 in
383 1387 464 1425 quo
481 1375 638 1414 videam
667 1374 977 1425 sapientissimos
1002 1375 1183 1412 homines
1213 1387 1298 1412 esse
1327 1374 1490 1422 lapsos?

101 1455 143 1477 20
161 1440 299 1478 Virum
330 1454 453 1479 unum
478 1440 597 1479 totius
619 1439 807 1479 Graeciae
823 1439 936 1478 facile
956 1440 1241 1485 doctissimum,
1268 1439 1486 1485 Platonem,

159 1505 365 1556 iniquitate
396 1505 571 1556 Dionysi,
596 1505 749 1544 Siciliae
779 1505 942 1555 tyranni,
972 1504 1035 1543 cui
1064 1518 1105 1544 se
1132 1505 1196 1542 ille
1225 1504 1486 1550 commiserat,

159 1571 198 1610 in
221 1571 401 1610 maximis
428 1570 610 1623 periculis
639 1570 869 1621 insidiisque
897 1584 983 1610 esse
1010 1578 1205 1609 versatum
1235 1568 1490 1619 accepimus3

160 1636 455 1684 Callisthenem,
475 1638 640 1676 doctum
661 1637 876 1683 hominem,
899 1635 1086 1675 comitem
1105 1634 1242 1685 Magni
1262 1633 1485 1681 Alexandri,

158 1703 209 1740 ab
229 1702 454 1741 Alexandro
474 1709 657 1740 necatum
673 1716 683 1749 ;
701 1700 960 1748 Demetrium,
977 1700 1043 1751 qui
1065 1701 1276 1738 Phalereus
1296 1698 1488 1737 vocitatus

101 1780 138 1812 25
160 1775 229 1814 est,
251 1775 289 1806 et
319 1781 365 1806 ex
394 1781 434 1805 re
462 1766 621 1817 publica
650 1765 895 1813 Atheniensi,
920 1778 1039 1816 quam
1070 1764 1219 1815 optime
1247 1770 1427 1813 gesserat,
1450 1770 1489 1802 et

1509 1226 1537 1265 9

1510 1287 1551 1318 23

203 1883 220 1910 4
239 1882 305 1901 non
321 1894 328 1902 .
352 1896 358 1902 .
377 1894 384 1901 .
409 1871 496 1901 enim
514 1870 619 1910 suppl.
639 1869 778 1910 Madvig
911 1879 977 1899 non
998 1867 1141 1899 Gabinio
1159 1867 1197 1898 0¹
1324 1876 1343 1906 5
1369 1875 1431 1896 nee
1447 1865 1489 1896 ad

160 1915 298 1955 Madvig
313 1926 319 1944 z
338 1921 438 1953 negat
455 1913 542 1944 codd.
611 1915 632 1943 6
649 1912 823 1944 clarissimi
839 1913 900 1943 viri
916 1912 1109 1952 Naugerius
1125 1911 1174 1949 (1)
1190 1922 1196 1942 z
1217 1911 1251 1940 C.
1266 1910 1304 1941 V.
1319 1908 1406 1940 codd.
1468 1909 1490 1939 8

159 1959 380 1989 contenderet
397 1957 484 1988 codd.
505 1969 510 1987 ε
537 1968 615 1988 corr.
637 1957 740 1987 Orelli
848 1968 869 1996 9
894 1956 1058 1995 diogenes
1077 1954 1164 1985 codd.
1186 1965 1192 1983 z
1216 1964 1293 1983 corr.
1306 1951 1490 1983 Beroaldus

163 2014 201 2032 10
223 2002 273 2032 vis
287 2002 375 2031 vitae
394 2000 549 2041 Madwg:
570 2001 637 2031 vita
659 2000 747 2032 codd.
883 1999 983 2030 allata
1001 2002 1089 2039 Ωιιιψ
1106 2010 1111 2028 :
1137 1997 1246 2028 ablata
1263 1996 1334 2035 (ob-
1347 1995 1408 2036 pq)
1424 1998 1489 2026 cett.

164 2057 195 2075 11
226 2045 376 2085 perferre
404 2057 468 2076 om.
504 2044 528 2074 c¹
632 2055 668 2075 12
694 2054 833 2084 quarum
861 2043 1052 2083 Naugerius
1076 2042 1149 2082 (2):
1175 2050 1276 2079 quare
1295 2042 1395 2078 (quae
1414 2040 1489 2079 ηιψ)

159 2089 246 2120 codd.
313 2099 349 2128 ¹3
366 2099 402 2118 se
419 2089 470 2119 hic
483 2088 587 2128 suppl.
610 2087 734 2127 Halm,
747 2092 822 2128 post
838 2088 928 2126 quod
947 2087 1021 2118 lzab.
1041 2086 1061 2116 k
1079 2097 1085 2115 ε
1109 2095 1173 2116 om.
1190 2087 1253 2114 cell.
1317 2083 1354 2112 18
1374 2086 1486 2112 tamen

158 2133 224 2163 cod.
245 2132 456 2163 Ilotomani:
482 2133 616 2162 tandem
637 2131 721 2162 mei:
747 2131 871 2161 labenti
890 2130 1021 2170 Kayser
1276 2137 1313 2166 19
1331 2126 1363 2155 in
1380 2124 1484 2164 suppl.

159 2175 320 2216 Angelius
451 2185 488 2205 21
514 2176 648 2214 tyranni
667 2173 740 2215 &Vk
758 2186 764 2205 :
789 2178 822 2204 et
841 2174 1019 2213 tyrannide
1036 2175 1100 2203 cett.
1222 2180 1264 2200 22
1287 2169 1486 2207 insidiisque

159 2220 204 2250 cd.
222 2219 269 2250 V:
295 2219 482 2258 inediisque
498 2218 616 2257 mstk:
641 2218 771 2249 insidiis
790 2218 980 2256 mediisque
1003 2216 1112 2256 (incd-
1131 2215 1164 2255 ο)
1182 2217 1246 2245 cell.
1268 2225 1274 2244 :
1299 2212 1485 2250 mediisque

159 2263 190 2292 in
203 2263 333 2294 insidiis
349 2262 458 2292 Halm
544 2272 582 2300 24
601 2262 656 2301 qui
676 2285 684 2292 .
705 2285 712 2293 .
733 2285 740 2293 .
759 2266 811 2292 est
821 2264 897 2301 post
907 2261 1030 2291 clarum
1049 2259 1121 2290 hab.
1140 2257 1228 2289 codd.
1250 2268 1257 2287 z
1282 2258 1345 2286 lntc
1359 2259 1482 2294 transp.

157 2306 318 2336 Pamisus
450 2316 490 2345 25
508 2304 708 2336 Atheniensi
728 2305 917 2336 Lambinus
935 2315 943 2334 ε
967 2303 1116 2333 Athenis
1133 2300 1220 2332 codd.
1238 2312 1244 2332 :
1269 2299 1328 2330 dcl.
1346 2297 1487 2339 Madvig

158 2349 375 2389 gesserat‘f:
400 2350 586 2389 digesserat
603 2352 668 2380 cett.
