1716 2662
478 50 588 89 PRO
619 51 662 88 L.
696 50 914 90 FLACCO
944 49 1161 89 ORATIO
1427 57 1477 97 27
1496 53 1539 87 66

155 158 363 208 levitatem,
390 159 706 208 inconstantiam,
730 160 997 212 cupiditatem,
1025 160 1141 199 etiam
1163 160 1195 199 si
1213 173 1238 198 a
1257 174 1320 199 me
1349 160 1480 199 minus

154 224 347 269 dicuntur,
371 226 506 264 vestris
526 226 667 265 animis
688 234 726 265 et
747 226 985 276 cogitatione
1005 227 1298 277 comprendere.

208 290 392 340 Sequitur
411 290 492 328 auri
514 291 579 329 illa
599 291 745 330 invidia
768 290 931 330 Iudaici.
987 292 1080 329 Hoc
1100 290 1285 329 nimirum
1306 298 1364 329 est
1384 290 1480 329 illud
1502 292 1551 330 28

154 356 263 405 quod
301 369 382 394 non
420 357 536 406 longe
570 370 593 394 a
625 356 809 406 gradibus
843 355 1012 394 Aureliis
1043 357 1141 394 haec
1175 369 1293 394 causa
1326 355 1479 394 dicitur.

117 430 134 462 5
155 419 220 459 Ob
254 421 330 458 hoc
357 420 505 460 crimen
539 421 603 459 hic
635 422 744 460 locus
775 422 846 460 abs
881 429 929 469 te,
965 421 1083 468 Laeli,
1120 429 1239 471 atque
1274 421 1338 459 illa
1367 420 1482 459 turba

155 485 331 534 quaesita
369 494 455 534 est3
495 486 570 525 scis
604 494 753 536 quanta
791 486 839 525 sit
879 500 1031 534 manus,
1070 494 1218 536 quanta
1256 485 1480 532 concordia,

154 558 346 600 quantum
375 553 501 590 valeat
530 551 570 589 in
600 551 863 590 contionibus.
924 553 988 590 Sic
1020 551 1214 590 submissa
1243 564 1340 590 voce
1369 564 1481 601 agam

154 622 306 654 tantum
331 623 374 654 ut
403 616 553 654 iudices
579 616 742 655 audiant
760 631 769 664 3
798 630 927 667 neque
948 616 1053 654 enirn
1075 617 1218 655 desunt
1239 615 1306 666 qui
1327 615 1421 654 istos
1442 615 1482 653 in

154 694 218 719 me
246 689 365 731 atque
386 681 425 719 in
447 681 640 732 optimum
663 695 862 732 quemque
892 681 1055 720 incitent
1073 695 1084 729 3
1112 694 1212 731 quos
1233 694 1317 731 ego,
1341 694 1421 730 quo
1442 679 1481 718 id

97 759 135 781 10
153 745 304 784 facilius
343 746 498 793 faciant,
538 760 619 785 non
657 746 865 785 adiuvabo.
926 748 1028 786 Cum
1068 759 1205 784 aurum
1243 747 1481 784 Iudaeorum
1503 752 1544 793 67

153 810 315 849 nomine
344 811 556 861 quotannis
577 825 623 850 ex
646 811 758 849 Italia
779 819 816 849 et
838 825 883 850 ex
904 811 1088 849 omnibus
1110 810 1251 849 nostris
1272 809 1482 860 provinciis

155 876 473 926 Hierosolymam
496 877 690 927 exportari
708 879 859 924 soleret,
884 878 1047 915 Flaccus
1069 875 1194 915 sanxit
1215 876 1345 914 edicto
1366 889 1416 914 ne
1437 889 1483 913 ex

154 942 249 980 Asia
269 944 460 992 exportari
488 942 631 981 liceret.
693 942 792 991 Quis
813 949 882 989 est,
906 941 1066 988 iudices,
1090 941 1157 992 qui
1187 943 1264 980 hoc
1292 954 1373 979 non
1393 954 1483 979 vere

154 1008 312 1046 laudare
342 1007 497 1057 possit?
556 1007 759 1057 Exportari
789 1021 927 1045 aurum
949 1020 1030 1046 non
1050 1014 1231 1057 oportere
1252 1019 1343 1044 cum
1365 1019 1482 1056 saepe

96 1089 132 1121 15
153 1080 268 1110 antea
289 1080 446 1110 senatus
467 1080 550 1110 turn
581 1086 644 1110 me
671 1073 833 1110 consule
860 1071 1084 1122 gravissime
1116 1070 1312 1110 iudicavit.
1373 1070 1482 1109 Huic

152 1145 284 1175 autem
316 1137 503 1175 barbarae
533 1136 799 1187 superstitioni
830 1136 1006 1175 resistere
1047 1136 1272 1182 severitatis,
1310 1135 1482 1174 multitu-

152 1202 287 1240 dinem
310 1203 548 1240 Iudaeorum
570 1203 798 1252 flagrantem
821 1215 901 1240 non
926 1214 1143 1251 numquam
1164 1201 1205 1239 in
1226 1200 1482 1239 contionibus

152 1279 223 1316 pro
261 1279 301 1305 re
339 1266 498 1316 publica
536 1274 789 1305 contemnere
827 1266 1023 1316 gravitatis
1062 1279 1239 1304 summae
1277 1265 1360 1304 fuit.
1429 1267 1483 1304 At

155 1332 226 1371 Cn.
252 1331 466 1381 Pompeius
487 1331 609 1382 captis
638 1332 926 1381 Hierosolymis
947 1333 1069 1371 victor
1096 1345 1142 1370 ex
1168 1331 1235 1370 illo
1263 1332 1354 1370 fano
1385 1330 1483 1369 nihil

95 1410 137 1433 20
154 1396 290 1446 attigit.
351 1382 398 1434 In
432 1396 567 1446 primis
597 1398 683 1444 hoc,
719 1405 761 1435 ut
797 1399 919 1434 multa
952 1397 1040 1444 alia,
1072 1396 1294 1446 sapienter;
1334 1395 1373 1433 in
1402 1403 1480 1433 tam
1503 1402 1543 1434 68

154 1460 372 1510 suspiciosa
409 1474 455 1499 ac
490 1461 683 1500 maledica
721 1461 877 1499 civitate
916 1462 1046 1500 locum
1085 1460 1256 1499 sermoni
1290 1460 1482 1499 obtrecta-

153 1532 281 1563 torum
312 1539 392 1564 non
422 1525 587 1576 reliquit.
663 1527 754 1564 Non
796 1526 901 1564 enim
937 1519 1056 1564 cr⁴edo
1088 1525 1315 1575 religionem
1348 1532 1386 1563 et
1418 1526 1480 1563 Iu-

153 1591 340 1628 daeorum
355 1598 393 1629 et
409 1590 582 1629 hostium
596 1590 882 1640 impedimento
897 1590 1230 1640 praestantissimo
1244 1589 1480 1639 imperatori,

153 1656 222 1694 sed
244 1657 435 1705 pudorem
457 1655 586 1694 fuisse.
627 1655 705 1693 Vbi
727 1655 841 1706 igitur
861 1656 1008 1694 crimen
1030 1663 1097 1702 est,
1115 1654 1300 1704 quoniam
1318 1654 1480 1704 quidem

96 1733 134 1766 ²5
155 1720 298 1758 furtum
334 1734 529 1771 nusquam
564 1720 829 1770 reprehendis,
865 1720 1040 1759 edictum
1074 1720 1228 1770 probas,
1264 1718 1479 1757 iudicatum

154 1785 294 1832 fateris,
335 1786 554 1836 quaesitum
596 1793 633 1824 et
668 1787 864 1836 prolatum
905 1787 1034 1835 palam
1069 1798 1149 1823 non
1186 1797 1314 1833 negas,
1347 1791 1477 1822 actum

153 1863 238 1889 esse
259 1864 327 1901 per
346 1850 448 1889 viros
469 1850 672 1901 primarios
693 1864 753 1889 res
775 1850 859 1901 ipsa
879 1851 1080 1889 declarat?
1137 1851 1338 1899 Apameae
1360 1848 1480 1886 mani·

154 1916 253 1954 sesto
282 1917 611 1965 comprehensum
633 1923 724 1954 ante
749 1917 869 1965 pedes
892 1914 1077 1965 praetoris
1099 1914 1138 1951 in
1161 1915 1245 1952 foro
1265 1926 1480 1963 expensum

154 1988 212 2019 est
235 1980 316 2018 auri
347 1981 482 2030 pondo
510 1992 533 2019 c
560 1981 677 2030 paulo
705 1979 835 2018 minus
866 1993 934 2029 per
964 1981 1049 2017 Sex.
1078 1977 1275 2025 Caesium,
1305 1977 1479 2028 equitem

198 2085 216 2104 2
242 2075 531 2114 comprehendere
557 2072 645 2105 codd.
666 2073 716 2113 (cf.
737 2072 901 2110 Zielinski,
915 2077 948 2111 p.
974 2072 1045 2110 177*
1229 2081 1248 2109 3
1273 2070 1353 2100 illud
1380 2074 1431 2100 est
1454 2079 1478 2107 c,

154 2117 267 2148 Bailer
354 2128 369 2156 7
395 2118 504 2148 valeat
521 2118 571 2148 “v-2
595 2118 684 2148 valet
702 2117 772 2156 Σύχ
842 2117 889 2146 sic
907 2115 970 2149 lflk,
990 2115 1143 2146 Faernus
1161 2125 1167 2144 ε
1193 2113 1220 2144 si
1239 2117 1283 2143 Σε
1307 2124 1372 2144 om.
1393 2116 1480 2144 cem:

145 2162 227 2201 sort.
251 2166 278 2191 st
295 2162 301 2191 1
410 2171 448 2191 10
474 2160 545 2192 Iud.
564 2161 699 2191 nomine
716 2170 835 2190 aurum
854 2170 868 2189 c
970 2169 1002 2188 11
1033 2159 1157 2188 nostris
1176 2157 1254 2186 §lma
1273 2168 1278 2186 :
1303 2167 1368 2186 0111.
1388 2159 1452 2186 cctt.
1471 2167 1480 2186 τ

154 2205 278 2234 vestris
296 2205 444 2234 Faernus
605 2214 641 2234 12
668 2203 910 2242 Hierosolyma
926 2202 1058 2232 Ernesti
1212 2201 1247 2229 18
1273 2209 1352 2239 prae
1370 2199 1482 2229 Baiter

155 2259 197 2278 20
222 2247 253 2277 in
273 2247 356 2288 tam]
375 2247 461 2287 quod
484 2247 515 2277 in
534 2253 599 2277 tam
618 2246 682 2278 cod.
701 2246 748 2278 H.
766 2245 930 2286 Stephani
1042 2255 1081 2283 24
1107 2243 1280 2284 quoniam]
1297 2243 1433 2281 quando
1451 2242 1481 2273 ς’

155 2300 196 2329 25
215 2291 392 2321 indicatum
407 2290 640 2329 Pantagathus
727 2300 766 2329 27
793 2290 967 2320 manifesto
987 2287 1042 2319 ΣΙ)ι
1059 2299 1066 2318 :
1090 2287 1267 2318 manifeste
1283 2289 1347 2317 cett.
1439 2295 1481 2325 29

156 2334 225 2375 est]
243 2344 316 2365 esse
335 2339 358 2366 Σ
447 2334 606 2365 cesiuium
624 2337 648 2363 Σ
