1747 2620
165 76 269 114 3199
523 67 634 106 PRO
665 69 706 104 P.
738 67 1020 113 QVINCTIO
1050 67 1268 106 ORATIO

167 192 208 222 99
283 179 423 228 Itaque
438 179 515 217 hoc
531 185 569 216 te
585 178 776 224 obsecrat,
787 178 832 217 C.
843 177 989 227 Aquili,
1007 184 1060 224 ut,
1078 190 1197 227 quarn
1212 176 1553 224 existimationem,

227 255 345 292 quam
366 244 614 280 honestatem
641 242 681 280 in
708 241 897 280 iudicium
924 249 1033 279 tuum
1062 255 1184 292 prope
1210 249 1297 280 acta
1323 241 1401 280 iam
1427 249 1556 281 aetate

227 308 470 356 decursaque
491 306 629 353 attulit,
654 320 741 345 eam
762 307 877 345 liceat
897 306 932 345 ei
953 320 1088 345 secum
1116 320 1162 345 ex
1189 307 1264 345 hoc
1291 308 1381 345 loco
1408 308 1553 354 efferre,

228 386 278 412 ne
316 374 347 410 is
382 373 431 410 de
470 371 580 410 cuius
623 371 752 410 officio
788 385 906 409 nemo
946 384 1135 421 umquam
1174 371 1368 410 dubitavit
1403 383 1456 410 LX
1491 373 1556 411 de-

227 438 346 488 nique
393 450 498 475 anno
543 438 750 484 dedecore,
793 438 947 475 macula
995 435 1297 486 turpissimaque
1340 436 1556 487 ignominia
1574 449 1592 482 5

227 510 392 549 notetur,
434 516 484 540 ne
525 501 765 541 ornamentis
804 501 888 540 eius
927 501 1112 540 omnibus
1153 504 1237 541 Sex.
1276 503 1449 540 Naevius
1483 516 1554 553 pro

227 568 360 618 spoliis
386 568 579 615 abutatur,
602 580 652 606 ne
673 581 742 618 per
769 574 806 605 te
834 568 900 605 fiat
927 580 1006 617 quo
1033 566 1174 614 minus,
1198 580 1299 617 quae
1320 566 1554 606 existimatio

227 635 269 672 P.
290 633 522 682 Quinctium
543 647 668 683 usque
695 634 745 671 ad
773 640 1017 671 senectutem
1045 632 1239 683 produxit,
1264 634 1404 672 eadem
1429 646 1554 684 usque

226 699 278 737 ad
298 712 434 749 rogum
456 706 725 748 prosequatur.

274 811 287 830 1
308 805 340 831 te
360 811 425 830 om.
445 799 475 831 ς’
590 811 610 838 4
636 801 678 830 de
694 811 759 830 om.
781 799 837 830 Σὺ1
929 809 971 830 Lx
990 799 1067 830 ΣΒε
1094 800 1157 831 hoc
1175 799 1205 830 b¹
1222 811 1229 830 :
1253 801 1468 840 sexagesimo
1486 805 1551 833 cett.

227 853 246 883 7
270 844 329 874 fiat
346 841 556 875 Passeratius
572 854 579 874 ι
603 843 688 874 serat
705 842 793 874 codd.
899 844 920 874 8
936 843 1097 885 produxit
1114 843 1177 884 2><²
1192 855 1199 875 ε
1223 844 1382 885 perduxit
1398 848 1464 876 cett.
