1747 2620
161 76 206 115 14

161 282 204 320 15

163 343 203 374 34

163 1303 200 1335 35

227 83 266 114 33
592 68 649 105 M.
681 66 850 104 TVLLI
882 66 1189 106 CICERONIS

222 181 407 222 immutat
437 183 488 222 de
522 180 708 220 institutis
742 179 925 231 priorum.
986 181 1149 219 Flaccus
1184 179 1280 230 quid
1317 180 1382 219 alii
1415 187 1553 232 postea

222 247 361 286 facturi
381 254 512 286 essent
532 246 629 285 scire
650 260 730 284 non
752 253 915 296 poterat,
938 245 1035 296 quid
1056 246 1239 285 fecissent
1258 245 1429 285 videbat.

277 314 370 361 Sed,
408 312 595 363 quoniam
635 313 686 350 de
729 310 932 350 communi
971 310 1090 350 totius
1128 310 1246 350 Asiae
1288 311 1451 350 crimine
1494 318 1552 350 est

222 378 388 427 dictum,
411 378 616 429 adgrediar
644 377 719 415 iam
748 378 799 415 ad
826 376 997 427 singulas
1021 376 1222 425 civitates;
1256 391 1301 416 ex
1331 377 1474 428 quibus
1504 376 1553 416 sit

222 457 316 481 sane
346 443 461 482 nobis
491 443 616 493 prima
645 442 780 481 civitas
815 441 1088 481 Acmonensis.
1150 442 1255 481 Citat
1284 456 1427 494 praeco
1455 456 1552 482 voce
1573 456 1590 487 5

222 508 393 547 maxima
424 510 572 558 legatos
602 508 878 546 Acmonensis.
938 507 1122 546 Procedit
1151 521 1252 546 unus
1281 507 1548 558 Asclepiades.

222 575 420 612 Prodeant
463 574 579 611 ceteri.
655 572 838 611 Etiamne
881 586 1117 622 praeconem
1162 572 1316 611 mentiri
1361 572 1553 623 coegisti?

222 641 291 677 Est
317 638 434 685 enim,
461 639 591 685 credo,
624 637 655 675 is
685 637 740 675 vir
765 637 836 676 iste
861 644 902 675 ut
932 637 1098 676 civitatis
1124 651 1272 676 nomen
1297 652 1367 676 sua
1389 636 1553 676 auctori-

220 711 298 742 tate
326 704 529 751 sustineat,
559 705 769 742 damnatus
798 702 1031 753 turpissimis
1060 702 1214 741 iudiciis
1243 702 1363 749 domi,
1394 710 1551 741 notatus

220 769 355 808 litteris
399 769 592 820 publicis3
640 768 751 807 cuius
790 769 840 807 de
885 768 1047 818 probris,
1088 767 1289 808 adulteriis
1327 782 1373 807 ac
1410 767 1552 819 stupris

220 842 371 873 exstant
400 833 713 873 Acmonensium
736 833 896 880 litterae,
920 847 1018 883 quas
1042 846 1115 884 ego
1136 847 1216 872 non
1247 835 1373 873 solum
1396 841 1554 884 propter

219 900 507 950 longitudinem
539 901 607 938 sed
638 899 755 938 etiam
788 906 946 949 propter
976 898 1240 949 turpissimam
1266 899 1551 939 obscenitatem

219 967 427 1005 verborum
449 966 753 1017 praetereundas
774 973 881 1015 puto.
935 964 1042 1003 Dixit
1063 965 1221 1015 publice
1241 965 1332 1004 data
1352 967 1553 1004 drachma-

220 1045 304 1069 rum
330 1032 434 1070 ff.
497 1030 604 1069 Dixit
626 1038 789 1078 tantum,
815 1029 911 1068 nihil
940 1029 1126 1078 ostendit,
1147 1030 1243 1068 nihil
1268 1030 1452 1081 protulit3
1481 1033 1552 1070 sed

219 1096 406 1144 adiunxit,
429 1096 469 1135 id
497 1097 605 1146 quod
634 1103 749 1143 certe,
776 1094 963 1145 quoniam
995 1103 1074 1134 erat
1103 1095 1380 1144 domesticum,
1408 1097 1550 1135 docere

220 1161 367 1208 debuit,
400 1176 441 1200 se
471 1161 651 1211 privatim
684 1162 961 1199 drachmarum
991 1159 1086 1198 ’(ἷῖνἾ
1117 1160 1284 1199 dedisse.
1345 1163 1550 1210 Quantum

219 1226 291 1279 sibi
309 1227 484 1265 ablatum
506 1228 628 1265 homo
649 1224 1014 1276 impudentissimus
1035 1224 1141 1272 dicit,
1161 1232 1313 1264 tantum
1334 1239 1551 1277 numquam

220 1300 277 1331 est
320 1306 437 1331 ausus
477 1300 519 1331 ut
558 1292 720 1331 haberet
763 1299 908 1342 optare.
983 1291 1046 1330 Ab
1086 1293 1133 1329 A.
1175 1291 1336 1331 Sextilio
1378 1292 1473 1331 dicit
1511 1307 1553 1332 se

218 1358 376 1396 dedisse
412 1365 450 1396 et
481 1372 503 1396 a
542 1357 620 1396 suis
656 1356 847 1395 fratribus.
909 1356 1042 1395 Potuit
1078 1358 1172 1396 dare
1210 1356 1417 1405 Sextilius3
1459 1371 1551 1396 nam

219 1425 352 1462 fratres
396 1422 558 1473 quidem
603 1429 804 1461 consortes
848 1429 939 1461 sunt
982 1422 1256 1462 mendicitatis.
1331 1422 1551 1463 Audiamus

219 1488 332 1538 igitur
381 1488 610 1535 Sextiliumg
658 1489 792 1526 fratres
837 1487 1010 1538 denique
1052 1487 1123 1538 ipsi
1168 1489 1384 1538 prxodeant;
1432 1502 1551 1539 quam

218 1556 350 1593 volent
385 1554 634 1604 impudenter
675 1552 914 1592 mentiantur
950 1560 1002 1601 et,
1038 1554 1147 1604 quod
1183 1567 1399 1604 numquam
1433 1554 1553 1592 habu-

218 1619 330 1666 erint,
370 1619 527 1658 dedisse
568 1632 609 1657 se
648 1618 806 1665 dicant3
855 1626 987 1658 tamen
1025 1618 1176 1669 aliquid
1220 1620 1382 1658 fortasse
1420 1632 1551 1657 coram

219 1684 399 1735 producti
439 1684 572 1723 dicent
611 1683 651 1721 in
691 1697 771 1734 quo
818 1685 1163 1735 reprehendantur.
1228 1685 1343 1723 ‘Non
1382 1683 1552 1730 deduxi‚'

218 1749 356 1800 inquit,
419 1748 668 1787 ‘Sextilium'
741 1750 854 1788 Cedo
913 1749 1075 1787 tabulas.
1151 1750 1267 1787 ‘Non
1324 1748 1552 1799 deportavi.'

221 1816 371 1852 Fratres
416 1815 552 1851 saltem
593 1813 745 1852 exhibe.
822 1815 937 1852 ‘Non
976 1813 1229 1853 denuntiavi)
1301 1815 1423 1863 Quod
1461 1827 1552 1864 ergo

219 1894 320 1918 unus
348 1878 603 1929 Asclepiades
636 1881 791 1918 fortuna
825 1894 954 1930 egens,
991 1879 1070 1918 vita
1100 1879 1232 1929 turpis,
1265 1878 1552 1917 existimatione

220 1947 428 1984 damnatus
468 1945 714 1996 impudentia
753 1955 873 1997 atque
910 1945 1075 1985 audacia
1115 1946 1233 1983 fretus
1272 1944 1356 1983 sine
1395 1943 1548 1991 tabulis,

219 2010 303 2049 sine
344 2018 503 2049 auctore
558 2012 702 2059 iecerit,
752 2012 792 2050 id
838 2025 910 2050 nos
958 2011 1068 2061 quasi
1123 2009 1270 2047 crimen
1326 2016 1392 2047 aut
1449 2008 1551 2047 testi-

262 2127 281 2154 3
307 2116 409 2147 totius
430 2117 616 2148 communis
636 2116 690 2147 Σὸῐ
826 2126 846 2155 5
870 2113 1032 2154 Acmmn]
1052 2113 1195 2144 Acmon.
1215 2112 1232 2142 l)
1252 2112 1397 2153 (ubsquci
1532 2123 1549 2152 7

219 2162 318 2190 ceteri
351 2161 456 2201 suppl.
492 2161 642 2192 Faernus
676 2160 858 2200 (prodeant
896 2162 970 2189 aitte
1009 2158 1161 2197 procedit
1193 2157 1346 2195 transfert
1375 2156 1549 2193 Graevius)

223 2214 258 2242 ¹3
283 2205 357 2235 data
374 2204 509 2245 Sylvius
524 2216 532 2236 t
557 2206 670 2235 datum
689 2204 776 2234 (odd.
885 2203 1060 2233 drachmas
1077 2201 1109 2231 Β
1244 2201 1282 2231 18
1306 2200 1346 2231 ab
1363 2200 1527 2240 Angelius
1544 2212 1548 2229 :

218 2253 274 2277 ant
294 2251 316 2278 Σ
334 2259 340 2278 :
365 2253 398 2279 at
417 2252 481 2280 cell.
575 2248 741 2280 Sextullio
760 2250 784 2277 Σ
921 2256 959 2285 ¹9
983 2250 1015 2276 et
1033 2245 1068 2286 a]
1088 2256 1104 2274 a
1124 2255 1163 2282 χε
1295 2254 1335 2275 22
1361 2244 1549 2274 habuerunt

218 2290 366 2322 Faernus
499 2303 541 2332 29
567 2293 683 2323 iecerit
705 2291 862 2322 Victorius
879 2301 885 2321 :
910 2289 1030 2329 legerit
1050 2289 1129 2330 <-git
1148 2288 1194 2329 12¹)
1213 2287 1300 2319 codd.

1576 782 1613 803 10

1574 1111 1611 1144 15

1575 1436 1613 1459 20

1573 1765 1612 1797 25
