1747 2620
222 70 240 97 1
261 75 278 98 2
630 63 686 100 M.
716 63 885 100 TVLLI
918 62 1226 102 CICERONIS

260 174 305 213 C.
328 173 501 212 Fannius
525 173 677 225 accepti
698 180 736 213 et
756 172 917 224 expensi
941 174 1086 223 profert
1110 186 1199 211 suas
1220 171 1260 210 in
1281 185 1393 211 suam
1415 186 1496 212 rem
1517 187 1590 212 suo

258 237 444 277 arbitratu
488 238 662 290 scriptas,
705 252 785 289 quo
826 238 954 276 minus
994 239 1216 277 secundum
1255 237 1366 276 illum
1406 237 1590 277 iudicetis

221 319 239 350 3
258 316 339 341 non
360 317 508 342 recuso.
569 303 668 352 Quis
696 304 772 341 hoc
800 304 914 341 frater
938 302 1052 349 fratri,
1076 302 1164 352 quis
1188 316 1329 353 parens
1353 303 1434 341 filio
1455 302 1592 342 tribuit

258 376 314 415 ut,
348 369 630 418 quodcumque
669 367 890 414 rettulisset,
932 367 972 406 id
1007 375 1133 405 ratum
1173 368 1368 407 haberet?
1439 369 1588 406 Ratum

257 432 419 471 habebit
442 432 633 481 Roscius,
665 435 818 484 profer;
847 434 956 483 quod
986 432 1057 471 tibi
1087 432 1201 471 fuerit
1228 447 1469 484 persuasum,
1496 433 1588 472 huic

257 497 327 536 erit
356 511 597 548 persuasum,
630 499 738 548 quod
769 497 839 536 tibi
874 497 989 536 fuerit
1023 498 1245 548 probatum,
1278 498 1370 537 huic
1397 498 1470 537 erit
1504 512 1590 550 pro-

257 562 404 600 batum.
478 564 601 601 Paulo
644 571 735 602 ante
785 564 841 601 M.
889 565 1129 612 Perpennae,
1174 565 1216 602 P.
1268 563 1396 602 Saturi
1437 565 1589 603 tabulas

256 628 528 678 poscebamus,
551 642 657 667 nunc
679 636 774 675 tuas,
798 629 842 668 C.
868 627 993 666 Fanni
1018 629 1206 677 Chaerea,
1228 629 1349 668 solius
1369 629 1589 680 flagitamus

257 700 295 731 et
315 706 395 743 quo
416 693 546 731 minus
568 695 787 732 secundum
809 707 874 732 eas
895 693 941 731 lis
966 694 1080 732 detur
1107 708 1188 732 non
1209 708 1461 743 recusamus3
1491 695 1588 746 quid

217 775 237 805 4
256 758 310 796 ita
330 772 410 798 non
437 760 614 809 profers?
672 761 765 798 Non
790 759 950 798 conficit
976 759 1161 799 tabulas?
1218 761 1350 799 Immo
1377 760 1590 811 diligentis-

256 823 364 862 sime.
421 825 515 862 Non
536 825 650 864 refert
670 838 788 875 parva
809 824 972 863 nomina
992 824 1032 862 in
1054 824 1242 864 codices?
1298 827 1430 864 Immo
1458 825 1589 864 omnis

255 902 439 928 summas.
500 891 605 929 Leve
640 898 677 929 et
717 898 835 929 tenue
867 892 943 929 hoc
982 904 1129 929 nomen
1164 893 1251 929 est?
1309 892 1380 930 HS
1419 904 1588 930 6661333

255 962 355 992 sunt.
417 956 510 1004 Quo
537 957 659 994 modo
690 955 761 994 tibi
787 963 895 994 tanta
924 955 1093 1006 pecunia
1122 955 1427 995 extraordinaria
1455 956 1590 995 iacet?

255 1033 334 1069 quo
370 1022 490 1060 modo
526 1023 596 1060 HS
631 1034 800 1060 6661333
830 1021 868 1059 in
900 1021 1038 1060 codice
1067 1022 1218 1073 accepti
1250 1030 1288 1060 et
1317 1021 1477 1072 expensi
1506 1036 1587 1060 non

254 1086 374 1122 sunt?
422 1087 498 1124 Pro
518 1085 558 1124 di
581 1087 819 1125 immortales
837 1090 843 1124 l
874 1101 1011 1125 essene
1032 1100 1272 1137 quemquam
1295 1095 1403 1125 tanta
1421 1087 1588 1126 audacia

254 1150 473 1199 praeditum
509 1150 586 1201 qui,
619 1153 728 1201 quod
764 1165 910 1190 nomen
941 1153 1081 1190 referre
1111 1151 1151 1190 in
1185 1153 1337 1191 tabulas
1369 1153 1516 1200 timeat,
1545 1152 1586 1192 id

253 1222 384 1264 petere
404 1217 558 1264 audeat,
580 1218 688 1266 quod
710 1217 748 1254 in
770 1217 949 1255 codicem
972 1216 1161 1255 iniuratus
1183 1219 1323 1256 referre
1343 1217 1522 1265 noluerit,
1545 1218 1586 1257 id

254 1279 378 1319 iurare
403 1282 442 1319 in
472 1281 579 1320 litem
602 1296 681 1321 non
713 1282 879 1330 dubitet,
909 1283 1018 1333 quod
1047 1282 1120 1321 sibi
1144 1283 1311 1333 probare
1338 1297 1419 1322 non
1450 1283 1585 1334 possit,

211 1381 235 1408 2
254 1344 295 1383 id
315 1347 551 1395 persuadere
571 1346 680 1386 alteri
702 1350 890 1386 conetur!

309 1410 486 1449 Nimium
515 1413 593 1451 cito
613 1412 666 1450 ait
694 1426 757 1451 me
778 1412 971 1463 indignari
997 1413 1048 1452 de
1069 1413 1237 1462 tabuli53
1264 1427 1347 1453 non
1371 1415 1517 1454 habere
1543 1429 1586 1454 se

253 1476 330 1515 hoc
350 1490 496 1516 nomen
517 1477 556 1516 in
578 1477 758 1517 codicem
775 1478 927 1529 accepti
948 1486 985 1517 et
1002 1478 1162 1530 expensi
1183 1481 1347 1518 relatum
1365 1481 1584 1528 confitetur,

253 1542 322 1580 sed
350 1543 389 1579 in
413 1542 642 1582 adversariis
674 1550 806 1593 patere
834 1544 1050 1582 contendit.
1112 1546 1248 1595 Vsque
1276 1558 1377 1584 eone
1396 1552 1436 1584 te
1456 1544 1585 1596 diligis

252 1614 290 1644 et
318 1607 523 1657 magnifice
551 1608 818 1659 circumspicis
846 1616 887 1647 ut
912 1608 1120 1659 pecuniam
1149 1623 1230 1648 non
1259 1623 1306 1649 ex
1335 1609 1411 1648 tuis
1441 1610 1584 1649 tabulis

251 1673 321 1710 sed
341 1685 388 1709 ex
406 1673 634 1711 adversariis
656 1675 795 1724 petas?
838 1675 961 1712 Suum
983 1673 1164 1712 codicem
1184 1674 1293 1713 testis
1313 1676 1403 1714 loco
1423 1674 1584 1713 recitare

250 1737 503 1786 adrogantiae
538 1746 620 1787 est;
661 1753 818 1777 suarum
851 1739 1177 1789 perscriptionum
1208 1747 1246 1778 et
1285 1740 1486 1779 liturarum
1518 1742 1584 1780 ad-

213 1809 232 1838 6
252 1802 416 1841 versaria
459 1804 629 1852 proferre
671 1818 753 1842 non
797 1804 968 1843 amentia
1018 1807 1106 1843 est?
1174 1806 1296 1854 Quod
1339 1805 1371 1844 si
1411 1806 1582 1844 eandem

250 1867 341 1914 vim,
376 1867 618 1917 diligentiam
650 1869 1003 1920 auctoritatemque
1035 1870 1183 1908 habent
1213 1869 1433 1909 adversaria
1462 1884 1581 1921 quam

251 1932 419 1979 tabulae,
443 1932 540 1982 quid
567 1933 705 1972 attinet
735 1934 914 1973 codicem
947 1934 1159 1983 instituere,
1190 1935 1450 1983 conscribere,
1481 1935 1582 1975 ordi-

297 2047 309 2067 1
336 2037 486 2077 proferet
511 2037 698 2070 Lambinus
879 2040 898 2069 8
923 2040 1023 2071 chere
1048 2040 1119 2081 (-ee
1141 2040 1174 2075 b)
1198 2040 1309 2072 codd:
1343 2052 1422 2073 corr.
1449 2040 1581 2080 Sylvius

249 2091 270 2119 9
295 2087 539 2121 1⁴ecusaturmus
556 2086 581 2112 Ω
727 2093 766 2113 10
790 2083 926 2113 conficit
945 2084 1064 2115 swam:
1095 2084 1241 2116 confecit
1262 2088 1326 2116 cett.
1466 2096 1503 2115 12
1529 2092 1579 2117 est

249 2135 315 2155 om.
335 2125 363 2162 b,
380 2125 449 2156 edd.
568 2125 629 2156 HS
647 2136 711 2156 om.
731 2126 788 2156 ss'c
889 2137 1023 2159 6661333
1040 2127 1235 2169 Naugerius
1249 2130 1300 2167 (2)
1316 2141 1321 2160 2
1346 2139 1469 2160 cccmn
1488 2129 1578 2160 codd.

250 2168 309 2207 (ita
333 2172 470 2208 scmpcr‘i
610 2180 644 2208 17
672 2170 834 2200 iniuratus
858 2171 917 2209 c2k,
944 2173 1139 2213 Af'augem'us
1164 2174 1232 2212 (1):
1262 2173 1389 2203 iuratus
1415 2173 1504 2214 (-ans
1523 2173 1578 2212 9¹)

249 2215 312 2242 cell.
441 2212 583 2244 noluerit
599 2214 727 2254 scripsi:
754 2215 862 2245 noluit
878 2215 965 2246 codd.
985 2228 992 2247 ε
1022 2216 1104 2247 nolit
1123 2227 1187 2256 mg.
1210 2215 1371 2247 Lambini
1538 2227 1574 2247 21

249 2256 362 2286 codice
379 2255 467 2287 codd.
486 2267 491 2286 :
516 2267 594 2288 corr.
617 2257 800 2288 Beroaldus
958 2270 997 2298 24
1023 2271 1067 2290 cx
1084 2260 1188 2300 suppl.
1210 2260 1345 2300 Sylvius
1462 2262 1579 2292 adver-

249 2299 346 2330 sariis
363 2300 402 2338 ς’,
422 2300 470 2332 ed.
491 2300 620 2332 Mediol.
639 2315 645 2333 ι
669 2301 853 2333 adversarii
870 2307 934 2334 (cll.

1611 447 1628 478 ‘11

1610 776 1649 798 10

1608 1101 1645 1132 15

1607 1432 1645 1453 20

1604 1757 1642 1790 25
