1716 2662
480 82 539 119 IN
573 83 614 118 L.
650 82 897 119 PISONEM
930 81 1145 119 ORATIO
1428 89 1478 125 23
1499 86 1537 118 55

151 190 296 230 nullius
334 191 586 241 negotiatoris
625 191 892 230 obscurissimi
942 190 1088 230 reditus
1136 204 1325 240 umquam
1365 189 1479 228 fuerit

151 256 349 295 desertior.
411 258 458 295 In
488 270 568 306 quo
599 270 662 295 me
691 264 835 302 tamen,
858 255 924 305 qui
946 263 1048 294 esset
1078 262 1234 305 paratus
1264 256 1314 293 ad
1345 268 1386 293 se
1416 255 1480 292 de-

151 322 406 368 fendendum,
430 321 689 372 reprehendit.
750 322 852 360 Cum
876 334 948 370 ego
969 334 1059 358 euni
1091 319 1393 359 Caelimontana
1421 318 1479 356 in·

151 388 288 423 troisse
308 385 503 432 dixissem,
527 386 740 436 sponsione
763 399 825 424 me
847 385 885 423 ni
910 384 1113 435 Esquilina
1134 384 1330 423 introisset
1358 385 1481 422 homo

113 464 129 495 5
151 459 355 500 promptus
385 450 604 498 lacessivit;
632 450 743 501 quasi
766 464 857 489 vero
888 450 927 488 id
956 458 1023 488 aut
1053 463 1126 500 ego
1148 450 1245 488 seire
1275 448 1480 488 debuerim

150 523 218 554 aut
248 524 418 555 vestrum
452 516 660 567 quisquam
693 515 859 555 audierit
889 523 955 553 aut
985 517 1036 554 ad
1066 529 1147 554 rem
1177 515 1369 566 pertineat
1404 528 1482 564 qua

152 589 192 619 tu
221 590 334 632 porta
362 581 566 629 introieris,
589 583 711 620 modo
740 595 791 620 ne
821 580 1057 630 triumphali,
1080 594 1181 630 quae
1208 588 1320 630 porta
1350 581 1482 618 Mace-

151 646 304 685 donicis
334 661 488 698 semper
508 654 586 697 pro
614 646 843 685 consulibus
873 654 964 684 ante
987 653 1023 684 te
1045 645 1195 696 patuit3
1226 653 1268 683 tu
1297 644 1480 683 inventus

152 726 192 750 es
231 711 298 762 qui
336 711 531 751 consulari
579 711 744 762 imperio
791 711 990 762 praeditus
1029 725 1075 749 ex
1115 710 1356 750 Macedonia
1399 723 1481 748 non

95 792 133 814 10
154 776 421 832 triumphares
1501 808 1524 835 2
1527 807 1554 844 4

206 844 259 880 At
278 843 452 890 audistis,
472 851 599 893 patres
621 842 842 893 conscripti,
866 842 1091 892 philosophi
1111 855 1262 881 vocem.
1313 839 1482 891 Negavit
1504 859 1543 899 50

153 922 194 946 se
224 907 410 958 triumphi
439 908 629 958 cupidum
659 921 848 958 umquam
879 907 1007 946 fuisse.
1066 909 1103 947 O
1135 909 1271 953 scelus,
1294 920 1318 945 o
1348 905 1478 957 pestis,

153 987 178 1012 ο
215 974 346 1012 labes!
405 974 505 1012 Cum
547 973 821 1023 exstinguebas
860 980 1051 1019 senatum,
1086 972 1286 1011 vendebas
1320 969 1484 1009 auetori-

153 1046 274 1076 tatem
294 1038 409 1076 huius
427 1037 586 1084 ordinis,
602 1037 816 1076 addicebas
839 1037 997 1076 tribuno
1018 1039 1069 1087 pl.
1089 1038 1338 1075 consulatum
1358 1042 1483 1082 tuum,

95 1122 133 1153 15
154 1118 234 1142 rem
265 1103 464 1154 publicam
495 1103 708 1150 evertebas,
732 1103 927 1153 prodebas
958 1109 1076 1152 caput
1098 1110 1136 1140 et
1158 1103 1324 1140 salutern
1354 1113 1484 1139 meam

154 1183 234 1208 una
262 1170 445 1207 mercede
472 1167 708 1218 provinciae,
730 1167 762 1206 si
783 1167 1026 1218 triumphum
1048 1181 1130 1206 non
1153 1166 1350 1217 cupiebas,
1374 1164 1485 1204 cuius

155 1235 315 1273 tandem
348 1242 385 1272 te
420 1232 471 1271 rei
508 1232 724 1283 cupiditate
763 1232 902 1271 arsisse
938 1233 1159 1271 defendes?
1216 1233 1340 1281 Saepe
1379 1229 1484 1269 enim

154 1299 234 1339 vidi
254 1299 322 1350 qui
347 1307 386 1338 et
411 1298 505 1337 mihi
534 1307 572 1337 et
601 1297 741 1337 ceteris
772 1297 995 1349 cupidiores
1017 1296 1242 1349 provinciae
1263 1296 1487 1335 viderentur

155 1364 342 1415 triumphi
380 1364 542 1403 nomine
581 1372 709 1414 tegere
743 1371 862 1413 atque
901 1365 1026 1402 celare
1066 1361 1322 1412 cupiditatem
1362 1373 1484 1399 suam.

97 1446 138 1469 20
158 1432 251 1469 Hoc
274 1432 322 1467 D.
345 1428 498 1468 Silanus
519 1429 658 1467 consul
686 1428 726 1466 in
755 1429 830 1466 hoc
852 1427 1001 1475 ordine,
1025 1428 1102 1467 hoc
1126 1440 1237 1466 meus
1258 1426 1374 1465 etiam
1395 1439 1488 1464 con-

156 1496 241 1545 lega
288 1494 454 1533 dicebat.
529 1495 671 1543 Neque
710 1492 816 1531 enim
856 1492 1064 1548 quisquam
1104 1499 1235 1543 potest
1273 1489 1486 1530 exercitum

155 1574 298 1611 cupere
343 1566 557 1610 aperteque
595 1566 738 1609 petere,
780 1565 822 1596 ut
861 1571 942 1597 non
986 1564 1183 1608 praetexat
1229 1555 1486 1606 cupiditatem

156 1624 352 1674 triumphi.
413 1624 535 1672 Quod
567 1623 598 1661 si
635 1631 672 1661 te
707 1630 864 1661 senatus
901 1623 1150 1673 populusque
1186 1623 1391 1660 Romanus
1420 1628 1487 1659 aut
1507 1625 1549 1660 57

156 1704 237 1728 non
270 1696 523 1739 appetentem
555 1695 621 1725 aut
653 1687 772 1726 etiam
808 1695 1054 1726 recusantem
1093 1687 1241 1725 bellum
1277 1685 1483 1736 suscipere,

99 1771 138 1803 ²5
157 1754 368 1794 exercitum
399 1755 543 1792 ducere
563 1753 766 1802 coegisset,
791 1759 923 1791 tamen
946 1759 1026 1790 erat
1048 1750 1203 1802 angusti
1227 1750 1348 1789 animi
1368 1758 1487 1801 atque

157 1819 315 1858 demissi
338 1818 425 1857 iusti
448 1818 633 1868 triumphi
662 1819 854 1857 honorem
878 1817 1190 1867 dignitatemque
1220 1823 1484 1854 contemnere.

157 1886 260 1922 Nam
291 1893 332 1922 ut
363 1883 528 1923 levitatis
563 1890 621 1921 est
655 1882 813 1921 inanem
847 1881 1032 1933 aucupari
1067 1894 1264 1930 rumorem
1292 1888 1330 1919 et
1359 1880 1486 1919 omnis

200 2001 218 2029 3
244 2000 318 2020 cum
340 1990 389 2020 V:
413 2001 478 2021 om.
495 1993 558 2020 rell.
685 1989 943 2020 Caelimontana
962 1989 1013 2019 V:
1038 1992 1134 2027 porta
1150 1984 1227 2017 add.
1245 1988 1309 2015 cett.
1468 1995 1487 2022 4

156 2034 339 2073 sponsione
357 2045 410 2064 mc
429 2034 459 2063 ni
482 2033 532 2064 V:
564 2033 783 2072 responsione
809 2043 862 2063 me
889 2032 1000 2063 menia
1018 2035 1083 2062 cett.
1241 2027 1415 2058 introisset
1440 2027 1487 2057 V:

158 2078 314 2107 introisse
333 2080 396 2108 cett.
498 2087 516 2115 5
542 2082 718 2116 promptus
741 2077 789 2107 V:
815 2075 1086 2116 promptissimus
1104 2076 1167 2105 cett.
1270 2074 1290 2101 6
1314 2071 1486 2110 quisquam

162 2120 210 2151 V:
237 2121 399 2160 quispiam
418 2123 482 2151 cell.
596 2121 615 2149 8
640 2130 700 2159 pro
718 2120 825 2160 suppl.
845 2119 1036 2159 Naugerius
1053 2118 1101 2156 (2)
1210 2117 1249 2146 16
1274 2125 1340 2145 una
1358 2124 1421 2144 om.
1443 2113 1486 2142 Vl

162 2173 196 2202 17
223 2169 254 2193 te
273 2165 318 2194 rei
341 2164 388 2194 V:
415 2164 461 2194 rei
480 2169 511 2193 te
529 2167 593 2194 all.
748 2174 784 2203 19
809 2163 918 2193 celare
939 2162 986 2192 V:
1018 2161 1132 2191 velare
1149 2163 1213 2191 cett.
1359 2168 1400 2188 20
1424 2157 1487 2187 hoc

158 2207 289 2237 dicebat
310 2212 363 2245 [ex
384 2210 465 2246 -amj
487 2207 620 2237 Silanus
642 2206 690 2237 V:
712 2207 774 2237 hoc
795 2207 894 2237 modo
913 2206 1064 2236 decimus
1080 2204 1218 2243 sylanus
1237 2202 1306 2241 (sil-
1323 2201 1369 2241 E)
1396 2203 1460 2231 cell.
1481 2211 1487 2230 :

157 2262 236 2280 corr.
259 2251 420 2281 Garatoni
551 2261 588 2280 21
617 2255 731 2289 potest
748 2250 923 2289 quisquam
946 2249 978 2278 V
1091 2258 1132 2286 23
1157 2252 1294 2277 senatus
1316 2245 1350 2276 P.
1375 2245 1415 2275 R.
1432 2248 1488 2274 aut

163 2293 193 2322 V
342 2295 384 2323 26
407 2294 541 2324 demissi
563 2293 698 2325 VEn‘J':
723 2294 848 2324 dimissi
875 2296 938 2323 cett.
1055 2291 1132 2322 iusti
1154 2290 1202 2320 V:
1227 2289 1309 2320 iussi
1327 2288 1392 2319 Ec:
1419 2298 1486 2318 om.

157 2340 221 2369 cell.
306 2338 566 2376 dignitatemque
590 2337 640 2368 V:
668 2342 769 2377 atque
788 2337 988 2376 dignitatem
1006 2338 1071 2366 ccll.
1175 2344 1214 2372 27
1240 2338 1272 2364 et
1297 2332 1345 2363 V:
1370 2336 1404 2363 ut
1421 2334 1484 2362 cett.
