1747 2620
183 120 227 147 12

183 489 224 521 35

185 1054 203 1072 α’.)

180 1601 219 1636 37

246 124 287 155 34
610 108 668 145 M.
698 107 866 144 TVLLI
899 106 1205 145 CICERONIS

247 218 516 257 testimonium
563 232 693 268 regem
742 219 792 256 ad
837 232 877 256 se
928 216 1127 267 scripsisse
1175 217 1322 254 nullam
1371 215 1579 266 pecuniam

248 283 421 323 Gabinio
448 284 522 322 nisi
552 284 593 322 in
625 298 706 322 rem
743 283 949 322 militarem
985 283 1129 321 datam.
1188 283 1198 301 ‘
1217 283 1309 320 Non
1337 283 1419 329 est,'
1439 281 1577 332 inquit,

249 352 354 387 ‘tum
406 349 681 388 Alexandrinis
731 349 896 387 testibus
945 347 1162 386 creditum.’
1252 345 1361 395 Quid
1408 349 1581 398 postea?

249 417 256 433 ‘
275 414 458 454 Creditur
488 415 619 452 nunc.’
675 415 807 463 Quam
829 414 882 452 ob
903 426 983 451 rem
1001 414 1017 450 ?
1067 414 1076 432 ‘
1090 411 1195 461 Quia
1214 425 1321 450 nunc
1341 411 1450 450 aiunt
1471 413 1579 462 quod

247 486 331 517 tum
361 479 581 528 negabant.'
634 478 742 528 Quid
769 479 892 529 ergo?
933 477 1006 515 ista
1035 476 1219 516 condicio
1248 484 1306 515 est
1336 476 1493 515 testium
1523 484 1575 524 ut,

246 544 390 595 quibus
421 545 613 583 creditum
644 558 724 582 non
756 543 804 582 sit
831 542 1076 593 negantibus,
1100 541 1225 580 isdem
1247 543 1426 580 credatur
1450 541 1580 581 dicen-

246 608 379 647 tibus?
435 611 499 656 At,
524 608 555 647 si
583 622 718 647 verum
740 616 822 647 tum
846 606 1090 646 severissima
1112 608 1238 645 fronte
1259 606 1449 654 dixerunt,
1473 621 1579 646 nunc

247 674 513 722 mentiuntur3
541 673 571 712 si
603 681 686 712 tum
719 672 873 712 mentiti
903 679 1004 719 sunt,
1028 673 1198 711 doceant
1234 684 1307 710 nos
1337 685 1471 710 verum
1499 686 1579 722 quo

246 741 352 778 voltu
392 741 544 778 soleant
583 738 726 777 dicere.
804 737 1077 777 Audiebamus
1127 738 1425 785 Alexandream,
1472 751 1578 776 nunc

245 805 531 855 cognoscimus.
567 804 681 844 Illinc
695 817 833 843 omnes
850 803 1091 854 praestigiae,
1111 802 1228 851 illinc,
1249 803 1420 854 inquam,
1439 818 1577 843 omnes

246 869 431 917 fallaciae,
455 869 590 908 onmia
619 869 792 919 denique
822 869 872 907 ab
903 869 958 907 eis
989 867 1199 906 mimorum
1229 876 1459 918 argumenta
1488 876 1580 907 nata

247 942 347 973 sunt.
395 937 481 973 Nec
502 933 598 972 mihi
619 933 773 984 longius
796 933 1009 984 quicquam
1031 941 1099 979 est,
1123 933 1284 980 iudices,
1308 947 1425 983 quam
1448 933 1579 973 videre

184 979 228 1064 ἒξ
249 999 455 1038 hominum
485 1001 623 1038 voltus.
685 998 878 1038 Dixerunt
908 998 971 1036 hic
1004 999 1126 1037 modo
1158 998 1367 1037 nobiscum
1400 1000 1452 1038 ad
1481 1001 1579 1039 haec

247 1065 442 1112 subsellia,
475 1064 619 1115 quibus
649 1063 865 1115 superciliis
897 1071 1106 1102 renuentes
1137 1063 1228 1102 huic
1258 1065 1397 1103 decem
1428 1064 1578 1103 milium

245 1130 397 1168 crimini
415 1133 421 1169 1
454 1131 540 1168 Iam
561 1130 684 1169 nostis
698 1129 958 1168 insulsitatem
976 1131 1215 1168 Graecorum
1231 1144 1241 1177 3
1262 1129 1405 1168 umeris
1425 1137 1578 1180 gestum

245 1196 414 1246 agebant
442 1202 526 1234 tum
556 1195 754 1245 temporis,
777 1195 906 1241 credo,
932 1208 1075 1241 causa3
1110 1208 1215 1233 nunc
1245 1194 1394 1233 scilicet
1422 1201 1578 1245 tempus

246 1264 398 1300 nullum
433 1269 501 1300 est.
560 1261 639 1299 Vbi
672 1261 793 1299 semel
828 1259 915 1310 quis
950 1259 1188 1310 peieraverit,
1218 1261 1252 1298 ei
1288 1259 1393 1298 credi
1428 1268 1575 1310 postea,

245 1327 363 1365 etiam
403 1326 433 1364 si
467 1339 536 1377 per
571 1325 690 1376 pluris
729 1327 826 1364 deos
866 1324 975 1372 iuret,
1018 1338 1099 1363 non
1138 1332 1303 1375 oportet,
1338 1325 1575 1376 praesertim,

245 1392 406 1437 iudices,
439 1406 530 1429 cum
570 1391 609 1429 in
645 1391 704 1429 his
740 1390 893 1429 iudiciis
916 1404 978 1430 .ne
1012 1392 1122 1428 locus
1157 1390 1319 1440 quidem
1352 1405 1456 1429 novo
1489 1391 1577 1430 testi

245 1460 368 1497 soleat
397 1472 482 1496 esse
504 1457 556 1495 ob
577 1470 746 1507 eamque
766 1470 925 1494 causam
947 1455 1052 1495 idem
1074 1455 1224 1495 iudices
1250 1456 1488 1495 retineantur
1508 1456 1574 1507 qui
1597 1473 1610 1493 2

244 1524 387 1563 fuerint
414 1525 464 1563 de
491 1538 568 1570 reo,
595 1530 637 1561 ut
665 1522 721 1561 eis
744 1530 839 1561 nota
865 1523 941 1560 sint
968 1521 1101 1560 omnia
1131 1536 1230 1569 nexge
1254 1521 1350 1572 quid
1372 1522 1463 1572 fingi
1485 1522 1574 1561 novi

244 1591 377 1641 possit.
402 1602 469 1623 ssssss
489 1590 583 1638 Qvo
604 1600 657 1626 EA
680 1600 857 1626 PECVNJA
882 1599 1150 1625 PERVENEMT
1172 1590 1192 1627 †
1207 1601 1287 1625 non
1313 1586 1391 1626 suis
1412 1587 1577 1638 propriis

243 1654 396 1694 iudiciis
427 1654 466 1693 in
497 1668 606 1692 reum
638 1653 764 1694 facti†
794 1652 1051 1692 condemnari
1082 1654 1219 1692 solent.
1282 1654 1423 1703 Itaque
1453 1653 1483 1691 si
1510 1660 1577 1691 aut

242 1721 405 1771 praedes
427 1719 601 1758 dedisset
623 1718 816 1757 Gabinius
837 1726 904 1756 aut
926 1725 1077 1756 tantum
1104 1732 1150 1756 ex
1177 1717 1260 1756 eius
1288 1718 1403 1757 bonis
1429 1726 1575 1768 quanta

240 1799 395 1823 summa
415 1784 541 1823 litium
564 1783 698 1822 fuisset
721 1785 890 1833 populus
917 1783 1137 1834 recepisset,
1162 1782 1339 1832 ‹piamvis
1361 1796 1503 1833 magna
1522 1784 1572 1821 ad
1595 1799 1608 1811 π

241 1853 474 1889 Postumum
494 1851 545 1888 ab
572 1864 620 1888 eo
648 1849 816 1900 pecunia
848 1848 1098 1900 pervenisset,
1124 1862 1204 1887 non
1238 1847 1503 1898 redigeretur,
1532 1856 1573 1886 ut

282 1967 301 1994 4
327 1967 412 1986 nunc
432 1955 629 1985 Manutius:
656 1965 722 1985 non
741 1954 829 1986 codd.
954 1964 972 1993 5
1003 1954 1189 1993 negabatur
1206 1956 1232 1984 Ω
1359 1955 1380 1985 6
1407 1953 1576 1984 aientibus

239 2000 315 2031 cotti.
332 1999 424 2040 apud
441 1998 606 2028 Orcllz'mn
743 2008 760 2037 7
787 2003 854 2028 tum
873 1998 920 2029 ed.
942 1998 988 2028 V:
1015 2009 1089 2029 cum
1109 1997 1149 2029 Ω1
1165 2009 1171 2029 z
1198 2003 1267 2029 tum
1279 1996 1351 2039 (-nc
1363 1998 1397 2039 k)
1418 2008 1490 2028 eum
1509 2001 1573 2028 cell.

239 2044 413 2074 verissima
430 2042 517 2073 codd.
537 2054 543 2073 ε
570 2052 648 2073 corr.
666 2041 842 2072 Hotoman
1002 2044 1022 2073 8
1040 2047 1107 2073 tum
1126 2046 1157 2073 t:
1184 2047 1261 2073 tunc
1280 2046 1344 2075 cett.
1456 2051 1573 2072 verum

238 2088 317 2126 quid
338 2091 465 2126 iquos&
487 2087 580 2117 multi
598 2086 658 2125 (sla
671 2089 749 2125 Hpq.
771 2086 851 2116 vulti
872 2086 946 2116 fiis&
960 2087 1045 2120 cett&
1059 2087 1179 2117 sileant
1198 2086 1285 2117 codd.
1306 2099 1312 2117 :
1340 2097 1420 2118 corr.
1435 2085 1576 2126 illadwg

243 2140 279 2160 ιο
298 2131 388 2160 illinc
407 2153 413 2159 .
436 2153 442 2159 .
464 2154 470 2160 .
492 2130 583 2161 illum
604 2140 638 2159 m
657 2130 762 2160 :illim
781 2154 788 2161 .
809 2154 815 2161 .
837 2152 844 2160 .
867 2129 948 2159 illim
973 2129 1164 2169 lVesenberg
1256 2139 1289 2159 11
1311 2129 1350 2160 iis
1366 2130 1409 2160 k:
1437 2130 1490 2159 his
1508 2133 1571 2160 cell.

239 2175 411 2204 mimorum
425 2175 463 2213 ς,
485 2173 531 2205 cd.
554 2173 598 2205 V:
630 2175 793 2204 minorum
814 2173 993 2211 <malorum
1013 2177 1038 2203 Ω
1055 2184 1122 2214 mg.
1141 2174 1167 2211 l)
1181 2177 1246 2204 cett.
1343 2175 1380 2203 16
1404 2183 1503 2203 causa
1520 2174 1570 2205 tk:

238 2228 358 2248 causac
376 2222 440 2248 cell.
568 2228 603 2256 17
633 2217 792 2247 eiraverit
811 2218 892 2247 (err-
906 2217 939 2257 q)
960 2220 1072 2256 ssppq:
1097 2217 1301 2247 deieravcrit
1315 2220 1378 2247 cett.
1401 2219 1442 2249 (Ω
1462 2218 1546 2257 mg.)
1565 2226 1572 2246 ε

237 2272 315 2291 corr.
337 2260 380 2291 ed.
403 2262 490 2292 Crat.
584 2261 612 2291 ei
632 2261 693 2291 [ῖς
721 2264 755 2290 et
774 2264 838 2290 cell.
975 2270 1011 2289 ει
1039 2270 1122 2290 neve
1140 2259 1329 2291 l‘alricsns:
1356 2270 1464 2298 neque
1482 2259 1571 2289 codd.

238 2314 277 2334 222
303 2304 357 2342 qui
378 2314 511 2334 causam
532 2304 646 2334 dicunt
665 2306 740 2333 autc
751 2314 815 2342 quo
831 2303 936 2342 suppl.
953 2302 1060 2333 llctlm
1216 2313 1283 2333 non
1303 2328 1309 2334 .
1328 2327 1335 2334 .
1355 2327 1361 2334 .
1381 2301 1473 2343 sacti]
1485 2303 1567 2342 sorl.

236 2347 430 2379 criminibus
449 2348 519 2378 suis
535 2348 691 2387 propriis,
715 2357 781 2377 non
800 2346 931 2377 iudiciis
947 2347 987 2376 de
1006 2356 1061 2377 reo
1081 2347 1177 2377 sactis

1598 489 1615 521 5

1603 818 1639 840 10
