1747 2620
195 120 239 159 14
255 126 302 152 40
628 111 683 148 M.
716 111 883 147 TVLLI
917 110 1224 148 CICERONIS

194 599 237 637 15

197 660 235 690 41

191 1674 232 1705 42

259 229 299 260 et
321 223 480 260 fucosae
500 235 518 259 e
537 221 680 259 chartis
706 228 744 259 et
772 220 901 258 linteis
931 228 969 258 et
999 220 1098 258 vitro
1113 236 1124 269 5
1151 221 1295 271 quibus
1324 235 1414 259 cum
1445 223 1592 261 multae

259 301 379 326 naves
395 289 557 326 refertae
579 287 752 333 fuissent,
769 288 930 324 naulum
953 299 1033 323 non
1055 286 1182 336 potuit
1204 286 1337 336 parari.
1402 288 1434 325 (J
1438 288 1591 337 amplus

260 353 323 391 ille
354 354 606 399 Puteolanus,
631 365 761 390 sermo
792 353 892 389 illius
923 351 1121 401 temporis,
1146 359 1428 401 vectorumque
1456 365 1591 389 cursus

258 426 377 468 atque
406 417 629 464 ostentatio,
652 425 736 455 tum
767 416 1013 455 subinvisum
1042 417 1149 466 apud
1179 416 1383 454 malivolos
1414 416 1591 454 Postumi

260 497 406 522 nomen
436 490 594 533 propter
623 482 853 533 opinionem
884 481 1076 531 pecuniae
1103 481 1238 519 nescio
1262 495 1380 531 quam
1400 488 1590 520 aestatem
1612 492 1630 524 5

259 562 390 595 unam,
414 562 494 585 non
515 547 646 597 pluris,
669 547 771 586 auris
792 546 940 585 refersit
962 546 1044 584 istis
1065 545 1323 584 sermonibus.

312 615 461 652 Verum
495 621 639 658 autem,
672 612 833 659 iudices,
868 611 899 650 si
934 611 1032 650 scire
1065 611 1189 659 voltis,
1227 611 1301 650 nisi
1341 612 1384 652 C.
1413 611 1590 651 Caesaris

258 692 414 718 summa
450 678 491 717 in
529 678 668 725 omnis,
711 677 951 716 incredibilis
986 677 1026 715 in
1059 678 1166 716 hunc
1200 679 1339 716 eadem
1379 677 1589 716 liberalitas

258 743 478 789 exstitisset,
513 757 586 782 nos
617 745 723 781 hunc
752 745 986 782 Postumum
1022 742 1099 780 iam
1133 742 1285 793 pridem
1317 743 1357 781 in
1392 745 1476 781 foro
1507 757 1588 781 non

259 810 503 848 haberemus.
565 810 637 847 Ille
661 822 781 847 onera
805 810 1018 846 multorum
1044 808 1159 846 huius
1188 808 1405 846 amicorum
1435 808 1647 858 excepit-10

259 888 370 921 unus,
395 888 576 924 quaeque
606 873 717 911 multi
746 874 927 911 homines
958 872 1166 911 necessarii
1192 873 1379 911 secundis
1410 875 1587 911 Postumi

259 940 374 978 rebus
413 939 600 990 discripta
638 939 917 985 sustinuerunt,
955 952 1060 977 nunc
1100 938 1182 976 cius
1221 938 1389 976 adflictis
1424 938 1587 976 fortunis

259 1005 438 1044 universa
471 1004 647 1043 sustinet.
707 1005 898 1042 Vmbram
929 1004 1070 1054 equitis
1108 1003 1279 1042 Romani
1309 1011 1346 1042 et
1376 1003 1587 1053 imaginem

258 1070 409 1117 videtis,
445 1070 606 1117 iudices,
641 1070 756 1108 unius
790 1070 907 1108 amici
947 1077 1217 1108 conservatam
1249 1069 1393 1107 auxilio
1424 1077 1462 1107 ct
1496 1070 1587 1108 fide.

258 1136 367 1174 Nihil
400 1136 491 1174 huic
523 1136 619 1186 eripi
649 1143 778 1186 potest
807 1144 958 1186 praeter
996 1137 1072 1174 hoc
1112 1135 1363 1174 simulacrum
1402 1135 1587 1186 pristinae
1609 1150 1646 1181 15

257 1201 457 1251 dignitatis
478 1203 586 1251 quod
602 1202 746 1240 Caesar
767 1203 872 1239 solus
893 1209 1023 1240 tuetur
1039 1209 1076 1239 et
1097 1200 1285 1248 sustinet,
1306 1214 1408 1251 quae
1423 1201 1584 1251 quidem

258 1266 297 1304 in
318 1266 542 1305 miserrimis
568 1267 684 1304 rebus
708 1266 800 1305 huic
821 1274 952 1305 tamen
974 1266 1183 1305 tribuenda
1204 1265 1374 1304 maxima
1399 1275 1481 1314 cst3
1511 1266 1585 1305 nisi

256 1345 347 1370 vcro
386 1333 463 1370 hoc
503 1331 691 1370 mediocri
731 1332 872 1370 virtute
900 1331 1000 1370 effici
1035 1340 1163 1382 potest
1198 1339 1240 1370 ut
1273 1339 1404 1370 tantus
1436 1331 1501 1371 ille
1528 1332 1585 1371 vir

256 1397 351 1435 tanti
382 1398 502 1436 ducat
531 1399 651 1445 hunc,
678 1405 716 1435 ct
745 1397 949 1436 adflictum
984 1397 1210 1447 pracsertim
1241 1404 1278 1435 et
1307 1397 1527 1444 absentem,
1546 1405 1584 1436 et

255 1462 295 1501 ir1
316 1471 423 1501 tanta
444 1464 600 1501 fortuna
626 1476 696 1501 sua
716 1470 758 1501 ut
777 1462 946 1501 alienam
974 1462 1165 1512 respicere
1191 1476 1376 1513 magnum
1404 1463 1463 1510 sit,
1485 1469 1521 1500 el
1542 1464 1583 1502 ln
1604 1475 1645 1497 20

254 1535 362 1566 tanta
382 1528 642 1578 occupatione
668 1527 924 1566 maximarum
953 1541 1080 1566 rerum
1102 1541 1204 1578 quas
1218 1528 1315 1578 gerit
1334 1535 1454 1578 atque
1466 1528 1584 1577 gessit

254 1599 299 1631 ut
327 1595 387 1632 vel
420 1593 600 1632 oblivisci
626 1593 791 1632 aliorum
824 1607 904 1632 non
934 1593 982 1631 sit
1013 1593 1154 1631 mirum
1184 1595 1255 1641 vel,
1288 1593 1319 1631 si
1350 1593 1581 1642 meminerit,

253 1659 421 1698 oblitum
446 1673 531 1698 esse
558 1673 593 1697 se
617 1659 728 1698 facile
757 1659 879 1709 possit
904 1659 1080 1709 probare.
1142 1661 1289 1697 Multas
1319 1660 1504 1709 equidem
1535 1661 1579 1699 C.

253 1725 431 1764 Caesaris
460 1724 623 1763 virtutes
651 1738 812 1774 magnas
843 1724 1164 1774 incredibilisque
1194 1724 1372 1774 cognovi,
1394 1726 1464 1763 sed
1492 1733 1581 1763 sunt

252 1798 404 1829 ceterae
434 1790 646 1828 maioribus
677 1789 788 1840 quasi
819 1789 978 1828 theatris
1003 1789 1227 1840 propositae
1252 1797 1290 1828 et
1315 1804 1440 1841 paene
1460 1804 1581 1841 popu·
1603 1804 1639 1836 ²5

252 1857 361 1894 lares.
408 1855 554 1895 Castris
575 1857 705 1894 locum
728 1869 878 1905 capere,
903 1855 1115 1894 exercitum
1137 1855 1337 1903 instruere,
1360 1869 1581 1906 expugnare

252 1921 369 1968 urbis,
391 1921 516 1959 aciem
537 1921 710 1959 hostium
733 1920 947 1971 profligare,
968 1921 1069 1959 hanc
1090 1920 1167 1958 vim
1190 1920 1374 1970 frigorum
1392 1920 1581 1959 hiemum-

298 2035 311 2055 1
331 2036 349 2056 e
366 2025 514 2065 supplevi
630 2025 732 2066 vitro]
753 2025 885 2056 delatae
904 2025 1051 2066 (velatae
1067 2025 1132 2056 cod.
1150 2025 1307 2065 Turuebi)
1328 2026 1403 2058 add.
1418 2026 1506 2057 codd.
1524 2027 1577 2067 (cf.

251 2074 368 2109 supra)
467 2080 485 2099 2
504 2068 637 2099 naulum
656 2080 722 2099 non
741 2069 849 2108 potuit
867 2069 977 2108 parari
995 2069 1126 2110 scrzspsi:
1147 2080 1212 2100 una
1230 2079 1295 2100 non
1315 2070 1460 2109 potuerit
1478 2081 1579 2110 parva

250 2111 338 2143 codd.
429 2112 579 2151 cataplus
613 2112 807 2143 Turnebus:
843 2118 950 2144 artata
980 2113 1054 2153 plus
1079 2113 1166 2144 codd.
1333 2115 1353 2143 6
1376 2124 1441 2144 una
1465 2113 1553 2145 codd.
1573 2125 1580 2144 :

250 2166 328 2187 corr.
343 2154 533 2195 Naugerius
546 2156 593 2196 (Ι)
653 2157 804 2195 pluribus
818 2157 976 2197 s2¹po¹pqs
1078 2168 1100 2196 9
1117 2157 1312 2188 Postumum
1326 2157 1384 2189 dcl.
1400 2157 1580 2188 Manutius

255 2209 289 2229 11
315 2199 467 2230 homines
483 2200 506 2237 ψ
522 2211 529 2230 z
554 2200 698 2230 hominis
715 2203 782 2231 cels.
964 2211 1002 2230 12
1027 2201 1197 2240 descripta
1214 2200 1304 2232 codd.
1322 2213 1328 2231 :
1353 2211 1431 2232 corr.
1451 2201 1583 2242 Kayser

251 2242 340 2282 eius]
360 2253 446 2273 unus
464 2242 630 2273 Patricius
818 2254 860 2274 20
883 2244 993 2275 aliena
1011 2244 1097 2275 codd.
1120 2256 1126 2274 :
1152 2255 1230 2275 corr.
1248 2245 1413 2275 Palm'cius
1544 2250 1577 2276 ct

249 2286 282 2314 in
299 2287 405 2326 suppl.
426 2286 616 2317 Lambinus
707 2297 744 2317 21
765 2287 989 2326 occupatione
1004 2287 1166 2317 Palricius
1183 2300 1189 2318 :
1215 2289 1468 2327 oppugnatione
1485 2288 1574 2320 codd.

250 2338 293 2358 zzz
311 2340 345 2359 uc
360 2330 403 2368 ς’,
415 2329 602 2370 Naugem'us
622 2329 669 2371 (1)
691 2342 698 2361 :
722 2341 786 2362 om.
799 2334 862 2361 cett.
969 2341 1010 2370 23
1028 2341 1103 2362 esse
1121 2341 1157 2361 se
1172 2330 1358 2362 Patricius:
1378 2336 1465 2362 esset
1478 2332 1578 2369 0¹,ucz

252 2380 328 2401 csse
340 2377 410 2411 pq:
435 2372 534 2404 etiam
557 2377 620 2405 cett.
778 2384 819 2413 25
844 2374 894 2415 et]
926 2375 1008 2405 haec
1038 2374 1202 2405 Pam'cius
1313 2375 1490 2415 populares
1512 2376 1579 2415 pk:

252 2414 424 2455 popularis
445 2419 518 2448 cell..
541 2418 700 2448 Pau-ulus
843 2428 883 2457 27
909 2418 1118 2457 hiememque
1136 2417 1223 2449 codd.
1242 2430 1248 2449 t
1274 2429 1349 2449 corr.
1372 2419 1535 2449 Patricius
