<?xml version="1.0" encoding="UTF-8"?>
<!DOCTYPE html PUBLIC "-//W3C//DTD XHTML 1.0 Transitional//EN"
    "http://www.w3.org/TR/xhtml1/DTD/xhtml1-transitional.dtd">
<html xmlns="http://www.w3.org/1999/xhtml" xml:lang="en" lang="en">
 <head>
  <title>
</title>
<meta http-equiv="Content-Type" content="text/html;charset=utf-8" />
  <meta name='ocr-system' content='tesseract 3.04.00' />
  <meta name='ocr-capabilities' content='ocr_page ocr_carea ocr_par ocr_line ocrx_word'/>
</head>
<body>
  <div class='ocr_page' id='page_1' title='image "./orationesrecogno04ciceuoft/orationesrecogno04ciceuoft_0333.png"; bbox 0 0 1716 2662; ppageno 0'>
   <div class='ocr_carea' id='block_1_1' title="bbox 357 97 1561 143">
    <p class='ocr_par' dir='ltr' id='par_1_1' title="bbox 357 97 1561 143">
     <span class='ocr_line' id='line_1_1' title="bbox 357 97 1561 143; baseline -0.002 -7"><span class='ocrx_word' id='word_1_1' title='bbox 357 99 467 137; x_wconf 88' lang='lat' dir='ltr'>PRO</span> <span class='ocrx_word' id='word_1_2' title='bbox 499 99 541 137; x_wconf 90' lang='lat' dir='ltr'>C.</span> <span class='ocrx_word' id='word_1_3' title='bbox 577 99 816 137; x_wconf 78' lang='lat' dir='ltr'>RABIRIO</span> <span class='ocrx_word' id='word_1_4' title='bbox 849 99 1115 137; x_wconf 73' lang='lat' dir='ltr'><strong>POSTVMO</strong></span> <span class='ocrx_word' id='word_1_5' title='bbox 1144 97 1362 137; x_wconf 82' lang='lat' dir='ltr'><strong>ORATIO</strong></span> <span class='ocrx_word' id='word_1_6' title='bbox 1498 105 1561 143; x_wconf 80' lang='lat'>24</span> 
     </span>
    </p>
   </div>
   <div class='ocr_carea' id='block_1_2' title="bbox 135 210 1566 1967">
    <p class='ocr_par' dir='ltr' id='par_1_2' title="bbox 193 210 1566 906">
     <span class='ocr_line' id='line_1_2' title="bbox 194 210 1522 260; baseline -0.001 -13"><span class='ocrx_word' id='word_1_7' title='bbox 194 210 224 247; x_wconf 82' lang='lat' dir='ltr'>is</span> <span class='ocrx_word' id='word_1_8' title='bbox 258 210 296 247; x_wconf 92' lang='lat' dir='ltr'>in</span> <span class='ocrx_word' id='word_1_9' title='bbox 331 224 493 260; x_wconf 85' lang='lat' dir='ltr'>regnum</span> <span class='ocrx_word' id='word_1_10' title='bbox 529 210 793 249; x_wconf 75' lang='lat' dir='ltr'>restitueretur</span> <span class='ocrx_word' id='word_1_11' title='bbox 826 225 848 248; x_wconf 80' lang='lat' dir='ltr'>a</span> <span class='ocrx_word' id='word_1_12' title='bbox 881 218 1017 248; x_wconf 77' lang='lat' dir='ltr'>senatu</span> <span class='ocrx_word' id='word_1_13' title='bbox 1057 212 1285 260; x_wconf 76' lang='lat' dir='ltr'>populoque</span> <span class='ocrx_word' id='word_1_14' title='bbox 1326 211 1522 247; x_wconf 79' lang='lat' dir='ltr'>Romano.</span> 
     </span>
     <span class='ocr_line' id='line_1_3' title="bbox 195 274 1560 325; baseline -0.001 -13"><span class='ocrx_word' id='word_1_15' title='bbox 195 277 241 313; x_wconf 88' lang='lat' dir='ltr'>In</span> <span class='ocrx_word' id='word_1_16' title='bbox 271 277 404 315; x_wconf 82' lang='lat' dir='ltr'>dando</span> <span class='ocrx_word' id='word_1_17' title='bbox 434 285 564 314; x_wconf 81' lang='lat' dir='ltr'>autem</span> <span class='ocrx_word' id='word_1_18' title='bbox 597 284 634 314; x_wconf 87' lang='lat' dir='ltr'>ct</span> <span class='ocrx_word' id='word_1_19' title='bbox 669 277 869 314; x_wconf 86' lang='lat' dir='ltr'>credendo</span> <span class='ocrx_word' id='word_1_20' title='bbox 900 275 1089 325; x_wconf 81' lang='lat' dir='ltr'>processit</span> <span class='ocrx_word' id='word_1_21' title='bbox 1120 274 1274 324; x_wconf 83' lang='lat' dir='ltr'>longius</span> <span class='ocrx_word' id='word_1_22' title='bbox 1307 288 1380 312; x_wconf 87' lang='lat' dir='ltr'>nec</span> <span class='ocrx_word' id='word_1_23' title='bbox 1411 287 1522 311; x_wconf 78' lang='lat' dir='ltr'>suam</span> <span class='ocrx_word' id='word_1_24' title='bbox 1543 288 1560 319; x_wconf 86' lang='lat'>5</span> 
     </span>
     <span class='ocr_line' id='line_1_4' title="bbox 193 337 1524 391; baseline -0.002 -12"><span class='ocrx_word' id='word_1_25' title='bbox 193 342 320 379; x_wconf 90' lang='lat' dir='ltr'>solum</span> <span class='ocrx_word' id='word_1_26' title='bbox 348 341 557 391; x_wconf 78' lang='lat' dir='ltr'>pecuniam</span> <span class='ocrx_word' id='word_1_27' title='bbox 585 341 751 380; x_wconf 87' lang='lat' dir='ltr'>credidit</span> <span class='ocrx_word' id='word_1_28' title='bbox 779 342 849 379; x_wconf 86' lang='lat' dir='ltr'>sed</span> <span class='ocrx_word' id='word_1_29' title='bbox 874 340 991 378; x_wconf 80' lang='lat' dir='ltr'>etiam</span> <span class='ocrx_word' id='word_1_30' title='bbox 1012 340 1242 387; x_wconf 81' lang='lat' dir='ltr'>amicorum,</span> <span class='ocrx_word' id='word_1_31' title='bbox 1265 340 1407 385; x_wconf 84' lang='lat' dir='ltr'>stulte;</span> <span class='ocrx_word' id='word_1_32' title='bbox 1437 337 1524 388; x_wconf 88' lang='lat' dir='ltr'>quis</span> 
     </span>
     <span class='ocr_line' id='line_1_5' title="bbox 194 404 1524 457; baseline -0.002 -12"><span class='ocrx_word' id='word_1_33' title='bbox 194 414 320 457; x_wconf 77' lang='lat' dir='ltr'>negat,</span> <span class='ocrx_word' id='word_1_34' title='bbox 343 414 409 445; x_wconf 80' lang='lat' dir='ltr'>aut</span> <span class='ocrx_word' id='word_1_35' title='bbox 439 406 525 457; x_wconf 89' lang='lat' dir='ltr'>quis</span> <span class='ocrx_word' id='word_1_36' title='bbox 555 406 632 444; x_wconf 83' lang='lat' dir='ltr'>iam</span> <span class='ocrx_word' id='word_1_37' title='bbox 662 406 836 452; x_wconf 81' lang='lat' dir='ltr'>audebit,</span> <span class='ocrx_word' id='word_1_38' title='bbox 858 406 967 456; x_wconf 89' lang='lat' dir='ltr'>quod</span> <span class='ocrx_word' id='word_1_39' title='bbox 996 407 1098 443; x_wconf 83' lang='lat' dir='ltr'>male</span> <span class='ocrx_word' id='word_1_40' title='bbox 1127 404 1281 452; x_wconf 88' lang='lat' dir='ltr'>cecidit,</span> <span class='ocrx_word' id='word_1_41' title='bbox 1305 405 1407 443; x_wconf 88' lang='lat' dir='ltr'>bene</span> <span class='ocrx_word' id='word_1_42' title='bbox 1434 417 1524 442; x_wconf 92' lang='lat' dir='ltr'>con-</span> 
     </span>
     <span class='ocr_line' id='line_1_6' title="bbox 193 469 1523 523; baseline -0.003 -12"><span class='ocrx_word' id='word_1_43' title='bbox 193 474 338 511; x_wconf 90' lang='lat' dir='ltr'>sultum</span> <span class='ocrx_word' id='word_1_44' title='bbox 369 474 536 523; x_wconf 84' lang='lat' dir='ltr'>putare?</span> <span class='ocrx_word' id='word_1_45' title='bbox 566 474 636 512; x_wconf 90' lang='lat' dir='ltr'>sed</span> <span class='ocrx_word' id='word_1_46' title='bbox 668 481 726 512; x_wconf 87' lang='lat' dir='ltr'>est</span> <span class='ocrx_word' id='word_1_47' title='bbox 757 472 925 519; x_wconf 84' lang='lat' dir='ltr'>difficile,</span> <span class='ocrx_word' id='word_1_48' title='bbox 950 472 1059 522; x_wconf 89' lang='lat' dir='ltr'>quod</span> <span class='ocrx_word' id='word_1_49' title='bbox 1090 485 1181 509; x_wconf 91' lang='lat' dir='ltr'>cum</span> <span class='ocrx_word' id='word_1_50' title='bbox 1207 485 1276 521; x_wconf 89' lang='lat' dir='ltr'>spe</span> <span class='ocrx_word' id='word_1_51' title='bbox 1301 484 1443 521; x_wconf 82' lang='lat' dir='ltr'>magna</span> <span class='ocrx_word' id='word_1_52' title='bbox 1473 469 1523 507; x_wconf 90' lang='lat' dir='ltr'>sis</span> 
     </span>
     <span class='ocr_line' id='line_1_7' title="bbox 193 538 1566 589; baseline -0.002 -13"><span class='ocrx_word' id='word_1_53' title='bbox 193 539 399 589; x_wconf 86' lang='lat' dir='ltr'>ingressus,</span> <span class='ocrx_word' id='word_1_54' title='bbox 436 538 476 578; x_wconf 91' lang='lat' dir='ltr'>id</span> <span class='ocrx_word' id='word_1_55' title='bbox 508 552 589 577; x_wconf 89' lang='lat' dir='ltr'>non</span> <span class='ocrx_word' id='word_1_56' title='bbox 624 538 784 589; x_wconf 83' lang='lat' dir='ltr'>exsequi</span> <span class='ocrx_word' id='word_1_57' title='bbox 819 552 944 588; x_wconf 91' lang='lat' dir='ltr'>usque</span> <span class='ocrx_word' id='word_1_58' title='bbox 977 538 1029 576; x_wconf 83' lang='lat' dir='ltr'>ad</span> <span class='ocrx_word' id='word_1_59' title='bbox 1063 544 1291 575; x_wconf 80' lang='lat' dir='ltr'>extremum.</span> <span class='ocrx_word' id='word_1_60' title='bbox 1351 538 1566 587; x_wconf 78' lang='lat' dir='ltr'>Supplex3</span> 
     </span>
     <span class='ocr_line' id='line_1_8' title="bbox 193 602 1524 654; baseline -0.003 -11"><span class='ocrx_word' id='word_1_61' title='bbox 193 612 273 643; x_wconf 84' lang='lat' dir='ltr'>erat</span> <span class='ocrx_word' id='word_1_62' title='bbox 293 618 369 653; x_wconf 86' lang='lat' dir='ltr'>rex,</span> <span class='ocrx_word' id='word_1_63' title='bbox 393 606 516 643; x_wconf 77' lang='lat' dir='ltr'>multa</span> <span class='ocrx_word' id='word_1_64' title='bbox 536 605 707 654; x_wconf 78' lang='lat' dir='ltr'>rogabat,</span> <span class='ocrx_word' id='word_1_65' title='bbox 732 603 866 642; x_wconf 74' lang='lat' dir='ltr'>omnia</span> <span class='ocrx_word' id='word_1_66' title='bbox 894 602 1164 654; x_wconf 82' lang='lat' dir='ltr'>pollicebatur,</span> <span class='ocrx_word' id='word_1_67' title='bbox 1188 610 1230 640; x_wconf 86' lang='lat' dir='ltr'>ut</span> <span class='ocrx_word' id='word_1_68' title='bbox 1250 603 1328 640; x_wconf 80' lang='lat' dir='ltr'>iam</span> <span class='ocrx_word' id='word_1_69' title='bbox 1350 610 1524 640; x_wconf 85' lang='lat' dir='ltr'>metuere</span> 
     </span>
     <span class='ocr_line' id='line_1_9' title="bbox 194 666 1526 720; baseline -0.003 -12"><span class='ocrx_word' id='word_1_70' title='bbox 194 671 406 708; x_wconf 85' lang='lat' dir='ltr'>Postumus</span> <span class='ocrx_word' id='word_1_71' title='bbox 439 678 642 720; x_wconf 86' lang='lat' dir='ltr'>cogeretur</span> <span class='ocrx_word' id='word_1_72' title='bbox 680 683 730 708; x_wconf 90' lang='lat' dir='ltr'>ne</span> <span class='ocrx_word' id='word_1_73' title='bbox 769 670 879 719; x_wconf 90' lang='lat' dir='ltr'>quod</span> <span class='ocrx_word' id='word_1_74' title='bbox 909 668 1128 707; x_wconf 79' lang='lat' dir='ltr'>crediderat</span> <span class='ocrx_word' id='word_1_75' title='bbox 1166 669 1358 718; x_wconf 87' lang='lat' dir='ltr'>perderet,</span> <span class='ocrx_word' id='word_1_76' title='bbox 1387 666 1418 705; x_wconf 87' lang='lat' dir='ltr'>si</span> <span class='ocrx_word' id='word_1_77' title='bbox 1449 681 1526 705; x_wconf 92' lang='lat' dir='ltr'>cre-</span> 
     </span>
     <span class='ocr_line' id='line_1_10' title="bbox 193 732 1522 779; baseline -0.004 -5"><span class='ocrx_word' id='word_1_78' title='bbox 193 735 313 774; x_wconf 83' lang='lat' dir='ltr'>dendi</span> <span class='ocrx_word' id='word_1_79' title='bbox 342 735 608 774; x_wconf 86' lang='lat' dir='ltr'>constituisset</span> <span class='ocrx_word' id='word_1_80' title='bbox 637 736 812 773; x_wconf 90' lang='lat' dir='ltr'>modum.</span> <span class='ocrx_word' id='word_1_81' title='bbox 855 733 964 772; x_wconf 89' lang='lat' dir='ltr'>Nihil</span> <span class='ocrx_word' id='word_1_82' title='bbox 985 741 1118 771; x_wconf 83' lang='lat' dir='ltr'>autem</span> <span class='ocrx_word' id='word_1_83' title='bbox 1140 741 1220 771; x_wconf 75' lang='lat' dir='ltr'>erat</span> <span class='ocrx_word' id='word_1_84' title='bbox 1240 732 1307 770; x_wconf 92' lang='lat' dir='ltr'>illo</span> <span class='ocrx_word' id='word_1_85' title='bbox 1328 732 1522 779; x_wconf 78' lang='lat' dir='ltr'>blandius,</span> 
     </span>
     <span class='ocr_line' id='line_1_11' title="bbox 193 799 1525 851; baseline -0.003 -12"><span class='ocrx_word' id='word_1_86' title='bbox 193 802 289 839; x_wconf 83' lang='lat' dir='ltr'>nihil</span> <span class='ocrx_word' id='word_1_87' title='bbox 328 803 404 840; x_wconf 89' lang='lat' dir='ltr'>hoc</span> <span class='ocrx_word' id='word_1_88' title='bbox 439 801 656 851; x_wconf 75' lang='lat' dir='ltr'>benignius,</span> <span class='ocrx_word' id='word_1_89' title='bbox 696 808 737 840; x_wconf 84' lang='lat' dir='ltr'>ut</span> <span class='ocrx_word' id='word_1_90' title='bbox 778 800 899 850; x_wconf 81' lang='lat' dir='ltr'>magis</span> <span class='ocrx_word' id='word_1_91' title='bbox 935 799 1151 850; x_wconf 80' lang='lat' dir='ltr'>paeniteret</span> <span class='ocrx_word' id='word_1_92' title='bbox 1190 799 1368 849; x_wconf 86' lang='lat' dir='ltr'>coepisse</span> <span class='ocrx_word' id='word_1_93' title='bbox 1406 811 1525 848; x_wconf 85' lang='lat' dir='ltr'>quam</span> 
     </span>
     <span class='ocr_line' id='line_1_12' title="bbox 193 867 1059 906; baseline 0.001 -1"><span class='ocrx_word' id='word_1_94' title='bbox 193 867 325 905; x_wconf 90' lang='lat' dir='ltr'>liceret</span> <span class='ocrx_word' id='word_1_95' title='bbox 353 867 551 905; x_wconf 83' lang='lat' dir='ltr'>desistere.</span> <span class='ocrx_word' id='word_1_96' title='bbox 1055 904 1059 906; x_wconf 73' lang='grc'>,</span> 
     </span>
    </p>

    <p class='ocr_par' dir='ltr' id='par_1_3' title="bbox 135 931 1562 1967">
     <span class='ocr_line' id='line_1_13' title="bbox 248 931 1562 983; baseline -0.002 -13"><span class='ocrx_word' id='word_1_97' title='bbox 248 933 357 971; x_wconf 87' lang='lat' dir='ltr'>Hinc</span> <span class='ocrx_word' id='word_1_98' title='bbox 378 932 547 983; x_wconf 89' lang='lat' dir='ltr'>primum</span> <span class='ocrx_word' id='word_1_99' title='bbox 570 931 739 971; x_wconf 80' lang='lat' dir='ltr'>exoritur</span> <span class='ocrx_word' id='word_1_100' title='bbox 764 931 910 970; x_wconf 86' lang='lat' dir='ltr'>crimen</span> <span class='ocrx_word' id='word_1_101' title='bbox 936 931 1056 979; x_wconf 83' lang='lat' dir='ltr'>i11ud;</span> <span class='ocrx_word' id='word_1_102' title='bbox 1089 938 1269 969; x_wconf 77' lang='lat' dir='ltr'>senatum</span> <span class='ocrx_word' id='word_1_103' title='bbox 1297 938 1523 980; x_wconf 85' lang='lat' dir='ltr'>corruptum</span> <span class='ocrx_word' id='word_1_104' title='bbox 1542 933 1562 963; x_wconf 91' lang='lat'><strong>6</strong></span> 
     </span>
     <span class='ocr_line' id='line_1_14' title="bbox 192 994 1525 1047; baseline -0.005 -9"><span class='ocrx_word' id='word_1_105' title='bbox 192 1013 278 1038; x_wconf 81' lang='lat' dir='ltr'>esse</span> <span class='ocrx_word' id='word_1_106' title='bbox 298 999 447 1038; x_wconf 84' lang='lat' dir='ltr'>dicunt.</span> <span class='ocrx_word' id='word_1_107' title='bbox 507 999 543 1037; x_wconf 95' lang='lat' dir='ltr'><strong>O</strong></span> <span class='ocrx_word' id='word_1_108' title='bbox 570 998 611 1036; x_wconf 89' lang='lat' dir='ltr'>di</span> <span class='ocrx_word' id='word_1_109' title='bbox 639 998 903 1036; x_wconf 80' lang='lat' dir='ltr'>immortales!</span> <span class='ocrx_word' id='word_1_110' title='bbox 933 998 1031 1035; x_wconf 78' lang='lat' dir='ltr'>haec</span> <span class='ocrx_word' id='word_1_111' title='bbox 1052 1004 1110 1035; x_wconf 91' lang='lat' dir='ltr'>est</span> <span class='ocrx_word' id='word_1_112' title='bbox 1131 997 1196 1034; x_wconf 77' lang='lat' dir='ltr'>illa</span> <span class='ocrx_word' id='word_1_113' title='bbox 1224 1004 1404 1047; x_wconf 78' lang='lat' dir='ltr'>exoptata</span> <span class='ocrx_word' id='word_1_114' title='bbox 1428 994 1525 1033; x_wconf 85' lang='lat' dir='ltr'>iudi-</span> 
     </span>
     <span class='ocr_line' id='line_1_15' title="bbox 192 1061 1524 1112; baseline -0.003 -10"><span class='ocrx_word' id='word_1_115' title='bbox 192 1064 343 1102; x_wconf 83' lang='lat' dir='ltr'>ciorum</span> <span class='ocrx_word' id='word_1_116' title='bbox 378 1062 594 1102; x_wconf 78' lang='lat' dir='ltr'>severitas?</span> <span class='ocrx_word' id='word_1_117' title='bbox 628 1070 874 1112; x_wconf 88' lang='lat' dir='ltr'>corruptores</span> <span class='ocrx_word' id='word_1_118' title='bbox 907 1062 1029 1100; x_wconf 86' lang='lat' dir='ltr'>nostri</span> <span class='ocrx_word' id='word_1_119' title='bbox 1064 1075 1221 1100; x_wconf 77' lang='lat' dir='ltr'>causam</span> <span class='ocrx_word' id='word_1_120' title='bbox 1257 1061 1422 1109; x_wconf 70' lang='lat' dir='ltr'>dicunt,</span> <span class='ocrx_word' id='word_1_121' title='bbox 1453 1074 1524 1099; x_wconf 83' lang='lat' dir='ltr'>nos</span> 
     </span>
     <span class='ocr_line' id='line_1_16' title="bbox 155 1126 1526 1180; baseline -0.002 -13"><span class='ocrx_word' id='word_1_122' title='bbox 155 1149 169 1180; x_wconf 85' lang='lat'>.&#39;</span> <span class='ocrx_word' id='word_1_123' title='bbox 193 1129 259 1180; x_wconf 87' lang='lat' dir='ltr'>qui</span> <span class='ocrx_word' id='word_1_124' title='bbox 281 1128 451 1179; x_wconf 85' lang='lat' dir='ltr'>corrupti</span> <span class='ocrx_word' id='word_1_125' title='bbox 477 1141 612 1166; x_wconf 86' lang='lat' dir='ltr'>sumus</span> <span class='ocrx_word' id='word_1_126' title='bbox 642 1142 722 1165; x_wconf 87' lang='lat' dir='ltr'>non</span> <span class='ocrx_word' id='word_1_127' title='bbox 744 1127 912 1166; x_wconf 83' lang='lat' dir='ltr'>dicimus</span> <span class='ocrx_word' id='word_1_128' title='bbox 933 1130 949 1166; x_wconf 92' lang='lat'>?</span> <span class='ocrx_word' id='word_1_129' title='bbox 1007 1126 1115 1174; x_wconf 85' lang='lat' dir='ltr'>Quid</span> <span class='ocrx_word' id='word_1_130' title='bbox 1136 1140 1226 1176; x_wconf 84' lang='lat' dir='ltr'>ergo</span> <span class='ocrx_word' id='word_1_131' title='bbox 1247 1128 1263 1164; x_wconf 69' lang='grc' dir='ltr'><em>Ρ</em></span> <span class='ocrx_word' id='word_1_132' title='bbox 1298 1134 1526 1164; x_wconf 75' lang='lat' dir='ltr'>senatumne</span> 
     </span>
     <span class='ocr_line' id='line_1_17' title="bbox 192 1193 1525 1242; baseline -0.003 -8"><span class='ocrx_word' id='word_1_133' title='bbox 192 1196 404 1234; x_wconf 80' lang='lat' dir='ltr'>defendam</span> <span class='ocrx_word' id='word_1_134' title='bbox 434 1195 511 1232; x_wconf 86' lang='lat' dir='ltr'>hoc</span> <span class='ocrx_word' id='word_1_135' title='bbox 540 1195 639 1241; x_wconf 91' lang='lat' dir='ltr'>loco,</span> <span class='ocrx_word' id='word_1_136' title='bbox 656 1194 836 1232; x_wconf 82' lang='lat' dir='ltr'>iudices?</span> <span class='ocrx_word' id='word_1_137' title='bbox 880 1193 1002 1232; x_wconf 81' lang='lat' dir='ltr'>Omni</span> <span class='ocrx_word' id='word_1_138' title='bbox 1029 1193 1222 1242; x_wconf 35' lang='lat' dir='ltr'>‘equidem</span> <span class='ocrx_word' id='word_1_139' title='bbox 1254 1194 1343 1230; x_wconf 87' lang='lat' dir='ltr'>loco</span> <span class='ocrx_word' id='word_1_140' title='bbox 1377 1193 1525 1239; x_wconf 81' lang='lat' dir='ltr'>debeo3</span> 
     </span>
     <span class='ocr_line' id='line_1_18' title="bbox 192 1257 1524 1308; baseline -0.003 -9"><span class='ocrx_word' id='word_1_141' title='bbox 192 1260 245 1299; x_wconf 82' lang='lat' dir='ltr'>ita</span> <span class='ocrx_word' id='word_1_142' title='bbox 274 1262 323 1299; x_wconf 89' lang='lat' dir='ltr'>de</span> <span class='ocrx_word' id='word_1_143' title='bbox 358 1274 421 1299; x_wconf 87' lang='lat' dir='ltr'>me</span> <span class='ocrx_word' id='word_1_144' title='bbox 451 1267 508 1298; x_wconf 87' lang='lat' dir='ltr'>est</span> <span class='ocrx_word' id='word_1_145' title='bbox 548 1258 708 1297; x_wconf 86' lang='lat' dir='ltr'>meritus</span> <span class='ocrx_word' id='word_1_146' title='bbox 738 1259 802 1297; x_wconf 90' lang='lat' dir='ltr'>ille</span> <span class='ocrx_word' id='word_1_147' title='bbox 834 1259 965 1306; x_wconf 78' lang='lat' dir='ltr'>ordo3</span> <span class='ocrx_word' id='word_1_148' title='bbox 1008 1259 1077 1296; x_wconf 85' lang='lat' dir='ltr'>sed</span> <span class='ocrx_word' id='word_1_149' title='bbox 1116 1271 1190 1296; x_wconf 89' lang='lat' dir='ltr'>nec</span> <span class='ocrx_word' id='word_1_150' title='bbox 1225 1257 1265 1296; x_wconf 87' lang='lat' dir='ltr'>id</span> <span class='ocrx_word' id='word_1_151' title='bbox 1297 1257 1421 1308; x_wconf 80' lang='lat' dir='ltr'>agitur</span> <span class='ocrx_word' id='word_1_152' title='bbox 1448 1259 1524 1295; x_wconf 86' lang='lat' dir='ltr'>hoc</span> 
     </span>
     <span class='ocr_line' id='line_1_19' title="bbox 192 1322 1520 1375; baseline -0.002 -12"><span class='ocrx_word' id='word_1_153' title='bbox 192 1333 371 1375; x_wconf 89' lang='lat' dir='ltr'>tempore</span> <span class='ocrx_word' id='word_1_154' title='bbox 401 1337 476 1363; x_wconf 91' lang='lat' dir='ltr'>nec</span> <span class='ocrx_word' id='word_1_155' title='bbox 508 1337 599 1361; x_wconf 89' lang='lat' dir='ltr'>cum</span> <span class='ocrx_word' id='word_1_156' title='bbox 634 1323 811 1361; x_wconf 83' lang='lat' dir='ltr'>Postumi</span> <span class='ocrx_word' id='word_1_157' title='bbox 846 1337 964 1361; x_wconf 82' lang='lat' dir='ltr'>causa</span> <span class='ocrx_word' id='word_1_158' title='bbox 998 1337 1058 1362; x_wconf 85' lang='lat' dir='ltr'>res</span> <span class='ocrx_word' id='word_1_159' title='bbox 1091 1322 1164 1361; x_wconf 75' lang='lat' dir='ltr'>ista</span> <span class='ocrx_word' id='word_1_160' title='bbox 1202 1324 1415 1361; x_wconf 77' lang='lat' dir='ltr'>coniuncta</span> <span class='ocrx_word' id='word_1_161' title='bbox 1452 1331 1520 1361; x_wconf 85' lang='lat' dir='ltr'>est.</span> 
     </span>
     <span class='ocr_line' id='line_1_20' title="bbox 193 1388 1522 1440; baseline -0.002 -12"><span class='ocrx_word' id='word_1_162' title='bbox 193 1392 447 1440; x_wconf 75' lang='lat' dir='ltr'>Quamquam</span> <span class='ocrx_word' id='word_1_163' title='bbox 474 1390 526 1427; x_wconf 81' lang='lat' dir='ltr'>ad</span> <span class='ocrx_word' id='word_1_164' title='bbox 555 1397 756 1438; x_wconf 92' lang='lat' dir='ltr'>sumptum</span> <span class='ocrx_word' id='word_1_165' title='bbox 786 1388 944 1435; x_wconf 87' lang='lat' dir='ltr'>itineris,</span> <span class='ocrx_word' id='word_1_166' title='bbox 974 1390 1026 1427; x_wconf 83' lang='lat' dir='ltr'>ad</span> <span class='ocrx_word' id='word_1_167' title='bbox 1054 1388 1160 1427; x_wconf 83' lang='lat' dir='ltr'>illam</span> <span class='ocrx_word' id='word_1_168' title='bbox 1191 1388 1522 1438; x_wconf 79' lang='lat' dir='ltr'>magnificentiam</span> 
     </span>
     <span class='ocr_line' id='line_1_21' title="bbox 191 1452 1524 1507; baseline -0.002 -13"><span class='ocrx_word' id='word_1_169' title='bbox 191 1463 399 1507; x_wconf 78' lang='lat' dir='ltr'>apparatus</span> <span class='ocrx_word' id='word_1_170' title='bbox 448 1453 761 1504; x_wconf 81' lang='lat' dir='ltr'>comitatumque</span> <span class='ocrx_word' id='word_1_171' title='bbox 809 1453 956 1503; x_wconf 88' lang='lat' dir='ltr'>regium</span> <span class='ocrx_word' id='word_1_172' title='bbox 1006 1452 1257 1503; x_wconf 80' lang='lat' dir='ltr'>suppeditata</span> <span class='ocrx_word' id='word_1_173' title='bbox 1295 1453 1464 1503; x_wconf 76' lang='lat' dir='ltr'>pecunia</span> <span class='ocrx_word' id='word_1_174' title='bbox 1502 1467 1524 1491; x_wconf 81' lang='lat' dir='ltr'>a</span> 
     </span>
     <span class='ocr_line' id='line_1_22' title="bbox 192 1517 1521 1569; baseline -0.003 -9"><span class='ocrx_word' id='word_1_175' title='bbox 192 1524 384 1561; x_wconf 87' lang='lat' dir='ltr'>Postumo</span> <span class='ocrx_word' id='word_1_176' title='bbox 418 1528 486 1567; x_wconf 85' lang='lat' dir='ltr'>est,</span> <span class='ocrx_word' id='word_1_177' title='bbox 518 1521 723 1569; x_wconf 80' lang='lat' dir='ltr'>factaeque</span> <span class='ocrx_word' id='word_1_178' title='bbox 762 1519 1005 1568; x_wconf 79' lang='lat' dir='ltr'>syngraphae</span> <span class='ocrx_word' id='word_1_179' title='bbox 1044 1526 1134 1556; x_wconf 87' lang='lat' dir='ltr'>sunt</span> <span class='ocrx_word' id='word_1_180' title='bbox 1172 1517 1212 1555; x_wconf 90' lang='lat' dir='ltr'>in</span> <span class='ocrx_word' id='word_1_181' title='bbox 1251 1518 1409 1556; x_wconf 75' lang='lat' dir='ltr'>Albano</span> <span class='ocrx_word' id='word_1_182' title='bbox 1449 1519 1521 1557; x_wconf 88' lang='lat' dir='ltr'>Cn.</span> 
     </span>
     <span class='ocr_line' id='line_1_23' title="bbox 193 1584 1524 1638; baseline -0.004 -11"><span class='ocrx_word' id='word_1_183' title='bbox 193 1587 367 1638; x_wconf 85' lang='lat' dir='ltr'>Pompei,</span> <span class='ocrx_word' id='word_1_184' title='bbox 393 1600 483 1625; x_wconf 90' lang='lat' dir='ltr'>cum</span> <span class='ocrx_word' id='word_1_185' title='bbox 512 1585 576 1624; x_wconf 89' lang='lat' dir='ltr'>ille</span> <span class='ocrx_word' id='word_1_186' title='bbox 605 1587 735 1623; x_wconf 80' lang='lat' dir='ltr'>Roma</span> <span class='ocrx_word' id='word_1_187' title='bbox 759 1585 956 1635; x_wconf 86' lang='lat' dir='ltr'>profectus</span> <span class='ocrx_word' id='word_1_188' title='bbox 977 1591 1090 1630; x_wconf 88' lang='lat' dir='ltr'>esset,</span> <span class='ocrx_word' id='word_1_189' title='bbox 1113 1591 1246 1621; x_wconf 80' lang='lat' dir='ltr'>tamen</span> <span class='ocrx_word' id='word_1_190' title='bbox 1276 1597 1356 1621; x_wconf 92' lang='lat' dir='ltr'>non</span> <span class='ocrx_word' id='word_1_191' title='bbox 1386 1584 1524 1622; x_wconf 85' lang='lat' dir='ltr'>debuit</span> 
     </span>
     <span class='ocr_line' id='line_1_24' title="bbox 192 1649 1523 1704; baseline -0.004 -12"><span class='ocrx_word' id='word_1_192' title='bbox 192 1655 222 1692; x_wconf 90' lang='lat' dir='ltr'>is</span> <span class='ocrx_word' id='word_1_193' title='bbox 257 1653 324 1704; x_wconf 91' lang='lat' dir='ltr'>qui</span> <span class='ocrx_word' id='word_1_194' title='bbox 355 1653 486 1700; x_wconf 80' lang='lat' dir='ltr'>dabat,</span> <span class='ocrx_word' id='word_1_195' title='bbox 517 1665 584 1690; x_wconf 92' lang='lat' dir='ltr'>cur</span> <span class='ocrx_word' id='word_1_196' title='bbox 618 1651 682 1689; x_wconf 91' lang='lat' dir='ltr'>ille</span> <span class='ocrx_word' id='word_1_197' title='bbox 712 1650 779 1701; x_wconf 90' lang='lat' dir='ltr'>qui</span> <span class='ocrx_word' id='word_1_198' title='bbox 809 1649 1028 1700; x_wconf 73' lang='lat' dir='ltr'>accipiebat</span> <span class='ocrx_word' id='word_1_199' title='bbox 1067 1657 1151 1687; x_wconf 84' lang='lat' dir='ltr'>tum</span> <span class='ocrx_word' id='word_1_200' title='bbox 1188 1656 1368 1695; x_wconf 86' lang='lat' dir='ltr'>sumeret,</span> <span class='ocrx_word' id='word_1_201' title='bbox 1409 1662 1523 1698; x_wconf 81' lang='lat' dir='ltr'>quae-</span> 
     </span>
     <span class='ocr_line' id='line_1_25' title="bbox 192 1714 1523 1765; baseline -0.004 -7"><span class='ocrx_word' id='word_1_202' title='bbox 192 1734 284 1758; x_wconf 87' lang='lat' dir='ltr'>rere.</span> <span class='ocrx_word' id='word_1_203' title='bbox 346 1720 438 1757; x_wconf 85' lang='lat' dir='ltr'>Non</span> <span class='ocrx_word' id='word_1_204' title='bbox 460 1717 564 1756; x_wconf 89' lang='lat' dir='ltr'>enim</span> <span class='ocrx_word' id='word_1_205' title='bbox 586 1716 738 1764; x_wconf 80' lang='lat' dir='ltr'>latroni,</span> <span class='ocrx_word' id='word_1_206' title='bbox 762 1717 832 1754; x_wconf 87' lang='lat' dir='ltr'>sed</span> <span class='ocrx_word' id='word_1_207' title='bbox 858 1715 936 1765; x_wconf 91' lang='lat' dir='ltr'>regi</span> <span class='ocrx_word' id='word_1_208' title='bbox 958 1714 1135 1762; x_wconf 87' lang='lat' dir='ltr'>credidit,</span> <span class='ocrx_word' id='word_1_209' title='bbox 1160 1727 1233 1752; x_wconf 90' lang='lat' dir='ltr'>nec</span> <span class='ocrx_word' id='word_1_210' title='bbox 1259 1715 1337 1764; x_wconf 88' lang='lat' dir='ltr'>regi</span> <span class='ocrx_word' id='word_1_211' title='bbox 1362 1714 1523 1753; x_wconf 91' lang='lat' dir='ltr'>inimico</span> 
     </span>
     <span class='ocr_line' id='line_1_26' title="bbox 135 1779 1522 1839; baseline -0.005 -15"><span class='ocrx_word' id='word_1_212' title='bbox 135 1808 172 1839; x_wconf 85' lang='lat'>²5</span> <span class='ocrx_word' id='word_1_213' title='bbox 193 1785 329 1837; x_wconf 88' lang='lat' dir='ltr'>populi</span> <span class='ocrx_word' id='word_1_214' title='bbox 352 1783 535 1831; x_wconf 80' lang='lat' dir='ltr'>Romani,</span> <span class='ocrx_word' id='word_1_215' title='bbox 555 1784 624 1822; x_wconf 88' lang='lat' dir='ltr'>sed</span> <span class='ocrx_word' id='word_1_216' title='bbox 646 1783 680 1821; x_wconf 89' lang='lat' dir='ltr'>ei</span> <span class='ocrx_word' id='word_1_217' title='bbox 701 1781 811 1820; x_wconf 89' lang='lat' dir='ltr'>cuius</span> <span class='ocrx_word' id='word_1_218' title='bbox 832 1782 1002 1820; x_wconf 88' lang='lat' dir='ltr'>reditum</span> <span class='ocrx_word' id='word_1_219' title='bbox 1025 1779 1177 1818; x_wconf 89' lang='lat' dir='ltr'>consuli</span> <span class='ocrx_word' id='word_1_220' title='bbox 1199 1780 1522 1818; x_wconf 80' lang='lat' dir='ltr'>commendatum</span> 
     </span>
     <span class='ocr_line' id='line_1_27' title="bbox 191 1844 1523 1898; baseline -0.008 -7"><span class='ocrx_word' id='word_1_221' title='bbox 191 1869 214 1891; x_wconf 81' lang='lat' dir='ltr'><em>a</em></span> <span class='ocrx_word' id='word_1_222' title='bbox 246 1860 383 1891; x_wconf 77' lang='lat' dir='ltr'>senatu</span> <span class='ocrx_word' id='word_1_223' title='bbox 415 1851 584 1897; x_wconf 77' lang='lat' dir='ltr'>videbat,</span> <span class='ocrx_word' id='word_1_224' title='bbox 618 1863 690 1888; x_wconf 81' lang='lat' dir='ltr'>nec</span> <span class='ocrx_word' id='word_1_225' title='bbox 720 1849 755 1887; x_wconf 88' lang='lat' dir='ltr'>ei</span> <span class='ocrx_word' id='word_1_226' title='bbox 787 1848 865 1898; x_wconf 85' lang='lat' dir='ltr'>regi</span> <span class='ocrx_word' id='word_1_227' title='bbox 895 1847 962 1898; x_wconf 90' lang='lat' dir='ltr'>qui</span> <span class='ocrx_word' id='word_1_228' title='bbox 992 1846 1142 1885; x_wconf 85' lang='lat' dir='ltr'>alienus</span> <span class='ocrx_word' id='word_1_229' title='bbox 1173 1846 1222 1883; x_wconf 80' lang='lat' dir='ltr'>ab</span> <span class='ocrx_word' id='word_1_230' title='bbox 1251 1846 1329 1883; x_wconf 89' lang='lat' dir='ltr'>hoc</span> <span class='ocrx_word' id='word_1_231' title='bbox 1359 1844 1523 1895; x_wconf 90' lang='lat' dir='ltr'>imperio</span> 
     </span>
     <span class='ocr_line' id='line_1_28' title="bbox 191 1910 1520 1967; baseline -0.008 -9"><span class='ocrx_word' id='word_1_232' title='bbox 191 1927 308 1967; x_wconf 84' lang='lat' dir='ltr'>esset,</span> <span class='ocrx_word' id='word_1_233' title='bbox 341 1919 410 1957; x_wconf 89' lang='lat' dir='ltr'>sed</span> <span class='ocrx_word' id='word_1_234' title='bbox 449 1917 484 1955; x_wconf 83' lang='lat' dir='ltr'>ei</span> <span class='ocrx_word' id='word_1_235' title='bbox 523 1916 682 1966; x_wconf 89' lang='lat' dir='ltr'>quicum</span> <span class='ocrx_word' id='word_1_236' title='bbox 722 1915 862 1952; x_wconf 84' lang='lat' dir='ltr'>foedus</span> <span class='ocrx_word' id='word_1_237' title='bbox 904 1912 1004 1951; x_wconf 86' lang='lat' dir='ltr'>feriri</span> <span class='ocrx_word' id='word_1_238' title='bbox 1046 1911 1084 1949; x_wconf 88' lang='lat' dir='ltr'>in</span> <span class='ocrx_word' id='word_1_239' title='bbox 1125 1910 1323 1960; x_wconf 80' lang='lat' dir='ltr'>Capitolio</span> <span class='ocrx_word' id='word_1_240' title='bbox 1361 1910 1520 1949; x_wconf 77' lang='lat' dir='ltr'>viderat.</span> 
     </span>
    </p>
   </div>
   <div class='ocr_carea' id='block_1_3' title="bbox 193 2016 1523 2369">
    <p class='ocr_par' dir='ltr' id='par_1_4' title="bbox 193 2016 1523 2369">
     <span class='ocr_line' id='line_1_29' title="bbox 236 2016 1523 2065; baseline -0.009 -9"><span class='ocrx_word' id='word_1_241' title='bbox 236 2038 252 2065; x_wconf 77' lang='grc'>4</span> <span class='ocrx_word' id='word_1_242' title='bbox 280 2027 344 2056; x_wconf 82' lang='lat' dir='ltr'>iam</span> <span class='ocrx_word' id='word_1_243' title='bbox 370 2024 506 2055; x_wconf 86' lang='lat' dir='ltr'>audebit</span> <span class='ocrx_word' id='word_1_244' title='bbox 528 2022 669 2054; x_wconf 67' lang='lat' dir='ltr'>Miiller:</span> <span class='ocrx_word' id='word_1_245' title='bbox 696 2023 760 2052; x_wconf 81' lang='lat' dir='ltr'>iam</span> <span class='ocrx_word' id='word_1_246' title='bbox 785 2026 921 2052; x_wconf 86' lang='lat' dir='ltr'>amouet</span> <span class='ocrx_word' id='word_1_247' title='bbox 949 2020 1123 2053; x_wconf 86' lang='lat' dir='ltr'>(admonet</span> <span class='ocrx_word' id='word_1_248' title='bbox 1143 2018 1180 2058; x_wconf 57' lang='lat' dir='ltr'>p)</span> <span class='ocrx_word' id='word_1_249' title='bbox 1200 2016 1311 2048; x_wconf 59' lang='lat' dir='ltr'>codd:</span> <span class='ocrx_word' id='word_1_250' title='bbox 1336 2017 1397 2046; x_wconf 80' lang='lat' dir='ltr'>iam</span> <span class='ocrx_word' id='word_1_251' title='bbox 1421 2016 1523 2045; x_wconf 82' lang='lat' dir='ltr'>audet</span> 
     </span>
     <span class='ocr_line' id='line_1_30' title="bbox 194 2063 1523 2109; baseline -0.009 -9"><span class='ocrx_word' id='word_1_252' title='bbox 194 2069 350 2109; x_wconf 80' lang='lat' dir='ltr'>Madvig:</span> <span class='ocrx_word' id='word_1_253' title='bbox 378 2069 441 2099; x_wconf 86' lang='lat' dir='ltr'>iarn</span> <span class='ocrx_word' id='word_1_254' title='bbox 460 2067 550 2098; x_wconf 84' lang='lat' dir='ltr'>volet</span> <span class='ocrx_word' id='word_1_255' title='bbox 568 2066 676 2096; x_wconf 82' lang='lat' dir='ltr'>Halm</span> <span class='ocrx_word' id='word_1_256' title='bbox 774 2065 879 2106; x_wconf 77' lang='lat' dir='ltr'>bene]</span> <span class='ocrx_word' id='word_1_257' title='bbox 899 2064 932 2094; x_wconf 91' lang='lat' dir='ltr'>id</span> <span class='ocrx_word' id='word_1_258' title='bbox 949 2064 1036 2094; x_wconf 86' lang='lat' dir='ltr'>bene</span> <span class='ocrx_word' id='word_1_259' title='bbox 1054 2063 1217 2093; x_wconf 61' lang='lat' dir='ltr'>Patricius</span> <span class='ocrx_word' id='word_1_260' title='bbox 1342 2070 1361 2098; x_wconf 85' lang='lat'>5</span> <span class='ocrx_word' id='word_1_261' title='bbox 1386 2064 1523 2098; x_wconf 84' lang='lat' dir='ltr'>putares</span> 
     </span>
     <span class='ocr_line' id='line_1_31' title="bbox 194 2103 1521 2153; baseline -0.008 -9"><span class='ocrx_word' id='word_1_262' title='bbox 194 2117 287 2153; x_wconf 75' lang='grc' dir='ltr'>Ωμοψ</span> <span class='ocrx_word' id='word_1_263' title='bbox 304 2125 311 2143; x_wconf 79' lang='lat'>2</span> <span class='ocrx_word' id='word_1_264' title='bbox 336 2116 468 2151; x_wconf 80' lang='lat' dir='ltr'>putaret</span> <span class='ocrx_word' id='word_1_265' title='bbox 485 2114 549 2142; x_wconf 77' lang='lat' dir='ltr'>cett.</span> <span class='ocrx_word' id='word_1_266' title='bbox 570 2121 577 2140; x_wconf 91' lang='lat'>:</span> <span class='ocrx_word' id='word_1_267' title='bbox 601 2120 679 2140; x_wconf 83' lang='lat' dir='ltr'>corr.</span> <span class='ocrx_word' id='word_1_268' title='bbox 699 2109 863 2139; x_wconf 77' lang='lat' dir='ltr'>Patm&#39;cius</span> <span class='ocrx_word' id='word_1_269' title='bbox 993 2107 1051 2138; x_wconf 77' lang='lat' dir='ltr'>sed</span> <span class='ocrx_word' id='word_1_270' title='bbox 1078 2105 1246 2136; x_wconf 78' lang='lat' dir='ltr'>Turnebus</span> <span class='ocrx_word' id='word_1_271' title='bbox 1265 2116 1270 2134; x_wconf 92' lang='lat'>:</span> <span class='ocrx_word' id='word_1_272' title='bbox 1295 2108 1382 2133; x_wconf 85' lang='lat' dir='ltr'>ato:</span> <span class='ocrx_word' id='word_1_273' title='bbox 1408 2103 1440 2132; x_wconf 91' lang='lat' dir='ltr'>id</span> <span class='ocrx_word' id='word_1_274' title='bbox 1457 2106 1521 2133; x_wconf 79' lang='lat' dir='ltr'>cett.</span> 
     </span>
     <span class='ocr_line' id='line_1_32' title="bbox 193 2148 1521 2197; baseline -0.009 -10"><span class='ocrx_word' id='word_1_275' title='bbox 193 2168 254 2197; x_wconf 86' lang='lat' dir='ltr'>spe</span> <span class='ocrx_word' id='word_1_276' title='bbox 274 2167 393 2194; x_wconf 84' lang='lat' dir='ltr'>magna</span> <span class='ocrx_word' id='word_1_277' title='bbox 410 2154 474 2195; x_wconf 53' lang='lat' dir='ltr'>ql?</span> <span class='ocrx_word' id='word_1_278' title='bbox 493 2165 499 2184; x_wconf 94' lang='lat'>:</span> <span class='ocrx_word' id='word_1_279' title='bbox 526 2164 619 2193; x_wconf 87' lang='lat' dir='ltr'>spem</span> <span class='ocrx_word' id='word_1_280' title='bbox 635 2163 788 2191; x_wconf 78' lang='lat' dir='ltr'>magnam</span> <span class='ocrx_word' id='word_1_281' title='bbox 807 2155 872 2184; x_wconf 76' lang='lat' dir='ltr'>cett.</span> <span class='ocrx_word' id='word_1_282' title='bbox 1053 2161 1070 2189; x_wconf 94' lang='lat'>7</span> <span class='ocrx_word' id='word_1_283' title='bbox 1094 2149 1234 2188; x_wconf 83' lang='lat' dir='ltr'>rogabat</span> <span class='ocrx_word' id='word_1_284' title='bbox 1254 2148 1368 2187; x_wconf 68' lang='lat' dir='ltr'>ppq‘z&#39;:</span> <span class='ocrx_word' id='word_1_285' title='bbox 1389 2151 1521 2185; x_wconf 81' lang='lat' dir='ltr'>rogarat</span> 
     </span>
     <span class='ocr_line' id='line_1_33' title="bbox 193 2189 1520 2236; baseline -0.009 -5"><span class='ocrx_word' id='word_1_286' title='bbox 193 2204 258 2231; x_wconf 62' lang='lat' dir='ltr'><em>cvtl.</em></span> <span class='ocrx_word' id='word_1_287' title='bbox 409 2200 429 2228; x_wconf 92' lang='lat'>8</span> <span class='ocrx_word' id='word_1_288' title='bbox 452 2198 479 2228; x_wconf 83' lang='lat' dir='ltr'>si</span> <span class='ocrx_word' id='word_1_289' title='bbox 497 2198 636 2228; x_wconf 87' lang='lat' dir='ltr'>credere</span> <span class='ocrx_word' id='word_1_290' title='bbox 659 2199 741 2236; x_wconf 63' lang='lat' dir='ltr'>ffpq</span> <span class='ocrx_word' id='word_1_291' title='bbox 895 2205 931 2234; x_wconf 83' lang='lat'>15</span> <span class='ocrx_word' id='word_1_292' title='bbox 957 2193 1056 2233; x_wconf 74' lang='lat' dir='ltr'>ergo]</span> <span class='ocrx_word' id='word_1_293' title='bbox 1075 2203 1138 2232; x_wconf 89' lang='lat' dir='ltr'>ego</span> <span class='ocrx_word' id='word_1_294' title='bbox 1156 2192 1201 2222; x_wconf 77' lang='lat' dir='ltr'>cd.</span> <span class='ocrx_word' id='word_1_295' title='bbox 1221 2192 1254 2222; x_wconf 80' lang='lat' dir='ltr'><em>R</em></span> <span class='ocrx_word' id='word_1_296' title='bbox 1367 2201 1424 2220; x_wconf 86' lang='lat' dir='ltr'>-ne</span> <span class='ocrx_word' id='word_1_297' title='bbox 1443 2189 1520 2220; x_wconf 83' lang='lat' dir='ltr'>add.</span> 
     </span>
     <span class='ocr_line' id='line_1_34' title="bbox 195 2235 1519 2280; baseline -0.01 -5"><span class='ocrx_word' id='word_1_298' title='bbox 195 2244 357 2275; x_wconf 75' lang='lat' dir='ltr'>Patn&#39;cius</span> <span class='ocrx_word' id='word_1_299' title='bbox 447 2252 488 2280; x_wconf 84' lang='lat'>23</span> <span class='ocrx_word' id='word_1_300' title='bbox 513 2251 570 2271; x_wconf 87' lang='lat' dir='ltr'>cur</span> <span class='ocrx_word' id='word_1_301' title='bbox 597 2241 635 2272; x_wconf 80' lang='lat' dir='ltr'>k:</span> <span class='ocrx_word' id='word_1_302' title='bbox 673 2250 745 2270; x_wconf 86' lang='lat' dir='ltr'>cum</span> <span class='ocrx_word' id='word_1_303' title='bbox 780 2245 807 2270; x_wconf 86' lang='lat' dir='ltr'>t-</span> <span class='ocrx_word' id='word_1_304' title='bbox 833 2240 874 2273; x_wconf 53' lang='grc' dir='ltr'>Ω)</span> <span class='ocrx_word' id='word_1_305' title='bbox 899 2241 962 2268; x_wconf 80' lang='lat' dir='ltr'>cell.</span> <span class='ocrx_word' id='word_1_306' title='bbox 982 2249 988 2268; x_wconf 70' lang='grc' dir='ltr'><em>ι</em></span> <span class='ocrx_word' id='word_1_307' title='bbox 1013 2248 1077 2277; x_wconf 85' lang='lat' dir='ltr'>quo</span> <span class='ocrx_word' id='word_1_308' title='bbox 1096 2237 1195 2266; x_wconf 90' lang='lat' dir='ltr'>modo</span> <span class='ocrx_word' id='word_1_309' title='bbox 1213 2235 1375 2265; x_wconf 73' lang='lat' dir='ltr'>Patricius</span> <span class='ocrx_word' id='word_1_310' title='bbox 1450 2239 1519 2263; x_wconf 84' lang='lat' dir='ltr'>tum</span> 
     </span>
     <span class='ocr_line' id='line_1_35' title="bbox 195 2276 1518 2319; baseline -0.009 -2"><span class='ocrx_word' id='word_1_311' title='bbox 195 2291 345 2317; x_wconf 82' lang='lat' dir='ltr'>sumeret</span> <span class='ocrx_word' id='word_1_312' title='bbox 376 2284 570 2316; x_wconf 75' lang='lat' dir='ltr'>Turnebus:</span> <span class='ocrx_word' id='word_1_313' title='bbox 605 2288 818 2314; x_wconf 81' lang='lat' dir='ltr'>consumeret</span> <span class='ocrx_word' id='word_1_314' title='bbox 843 2281 931 2313; x_wconf 85' lang='lat' dir='ltr'>codd.</span> <span class='ocrx_word' id='word_1_315' title='bbox 1035 2290 1075 2319; x_wconf 82' lang='lat'>25</span> <span class='ocrx_word' id='word_1_316' title='bbox 1100 2278 1319 2310; x_wconf 78' lang='lat' dir='ltr'>consulucum</span> <span class='ocrx_word' id='word_1_317' title='bbox 1340 2288 1392 2307; x_wconf 66' lang='lat' dir='ltr'>*ex</span> <span class='ocrx_word' id='word_1_318' title='bbox 1411 2276 1518 2307; x_wconf 87' lang='lat' dir='ltr'>-sulcu</span> 
     </span>
     <span class='ocr_line' id='line_1_36' title="bbox 196 2320 1516 2369; baseline -0.007 -9"><span class='ocrx_word' id='word_1_319' title='bbox 196 2333 231 2369; x_wconf 84' lang='grc' dir='ltr'>Ω,</span> <span class='ocrx_word' id='word_1_320' title='bbox 267 2329 477 2360; x_wconf 84' lang='lat' dir='ltr'>consolutum</span> <span class='ocrx_word' id='word_1_321' title='bbox 514 2331 569 2369; x_wconf 72' lang='grc' dir='ltr'>ἰψῐ</span> <span class='ocrx_word' id='word_1_322' title='bbox 603 2332 655 2357; x_wconf 88' lang='lat' dir='ltr'>est</span> <span class='ocrx_word' id='word_1_323' title='bbox 682 2326 826 2357; x_wconf 87' lang='lat' dir='ltr'>solutum</span> <span class='ocrx_word' id='word_1_324' title='bbox 861 2337 917 2365; x_wconf 63' lang='lat' dir='ltr'>pq:</span> <span class='ocrx_word' id='word_1_325' title='bbox 953 2325 1066 2355; x_wconf 86' lang='lat' dir='ltr'>datum</span> <span class='ocrx_word' id='word_1_326' title='bbox 1099 2327 1254 2353; x_wconf 87' lang='lat' dir='ltr'>senatum</span> <span class='ocrx_word' id='word_1_327' title='bbox 1286 2320 1399 2352; x_wconf 64' lang='lat' dir='ltr'>codd:</span> <span class='ocrx_word' id='word_1_328' title='bbox 1437 2330 1516 2351; x_wconf 85' lang='lat' dir='ltr'>corr.</span> 
     </span>
    </p>
   </div>
   <div class='ocr_carea' id='block_1_4' title="bbox 194 2363 1518 2440">
    <p class='ocr_par' dir='ltr' id='par_1_5' title="bbox 194 2363 1518 2440">
     <span class='ocr_line' id='line_1_37' title="bbox 194 2363 1518 2413; baseline -0.008 -9"><span class='ocrx_word' id='word_1_329' title='bbox 194 2378 244 2404; x_wconf 82' lang='lat' dir='ltr'>len</span> <span class='ocrx_word' id='word_1_330' title='bbox 263 2373 371 2404; x_wconf 75' lang='lat' dir='ltr'>Brink</span> <span class='ocrx_word' id='word_1_331' title='bbox 388 2371 524 2413; x_wconf 72' lang='lat' dir='ltr'>(st&#39;cfi’re</span> <span class='ocrx_word' id='word_1_332' title='bbox 542 2370 746 2409; x_wconf 61' lang='lat' dir='ltr'>Lambinus)</span> <span class='ocrx_word' id='word_1_333' title='bbox 838 2379 876 2408; x_wconf 80' lang='lat'>27</span> <span class='ocrx_word' id='word_1_334' title='bbox 904 2368 1005 2398; x_wconf 82' lang='lat' dir='ltr'>ferire</span> <span class='ocrx_word' id='word_1_335' title='bbox 1023 2366 1110 2398; x_wconf 83' lang='lat' dir='ltr'>codd.</span> <span class='ocrx_word' id='word_1_336' title='bbox 1132 2379 1140 2397; x_wconf 92' lang='lat'>·.</span> <span class='ocrx_word' id='word_1_337' title='bbox 1164 2377 1241 2396; x_wconf 85' lang='lat' dir='ltr'>corr.</span> <span class='ocrx_word' id='word_1_338' title='bbox 1261 2364 1452 2404; x_wconf 76' lang='lat' dir='ltr'>Naugerius</span> <span class='ocrx_word' id='word_1_339' title='bbox 1466 2363 1518 2403; x_wconf 50' lang='lat'>(2)</span> 
     </span>
     <span class='ocr_line' id='line_1_38' title="bbox 1371 2410 1432 2440; baseline -0.016 0"><span class='ocrx_word' id='word_1_340' title='bbox 1371 2410 1432 2440; x_wconf 76' lang='lat'>20*</span> 
     </span>
    </p>
   </div>
  </div>
 </body>
</html>
