1747 2620
199 118 242 156 31
264 122 302 156 77
634 110 690 148 M.
723 109 890 146 TVLLI
923 108 1231 148 CICERONIS

261 219 345 259 sine
366 219 526 270 publico
548 219 713 258 consilio
734 220 933 257 decertare
955 219 1059 256 nolle
1077 233 1087 266 3
1116 218 1344 257 consulibus
1366 233 1412 257 ex
1436 226 1595 260 senatus

260 286 442 323 consulto
470 299 549 323 rem
577 284 775 335 publicam
804 283 1110 322 defendentibus
1139 297 1179 322 se
1206 297 1313 322 arma
1334 292 1594 334 sumpturum.

200 357 239 399 78
262 349 429 400 Ecquid,
462 349 604 396 infelix,
638 349 852 388 recordaris
892 348 989 399 quid
1023 349 1302 399 responderis?
1348 349 1388 387 in
1423 362 1502 400 quo
1541 348 1594 389 illi

260 428 399 454 omnes
420 415 594 465 quidem,
613 417 682 454 sed
702 417 928 466 Torquatus
949 422 1101 465 praeter
1117 422 1267 453 ceteros
1287 414 1440 453 furebat
1460 422 1595 454 contu-

261 480 388 519 macia
421 479 598 531 responsi
632 479 712 519 tui:
754 488 792 519 te
830 493 911 519 non
946 493 1032 518 esse
1071 487 1152 518 tam
1185 481 1326 519 fortem
1361 493 1480 530 quam
1511 480 1595 530 ipse
1616 493 1634 526 5

260 549 485 597 Torquatus
519 545 559 584 in
593 546 801 584 consulatu
835 545 970 584 fuisset
1001 552 1068 583 aut
1103 558 1201 596 ego;
1244 545 1341 584 nihil
1376 559 1476 596 opus
1509 559 1595 585 esse

258 612 386 660 armis,
419 611 516 650 nihil
547 610 827 660 contentione;
867 624 931 649 me
961 624 1077 661 posse
1108 624 1190 649 rem
1223 610 1423 661 publicam
1454 610 1594 650 iterum

259 692 421 725 servare,
445 677 476 716 si
507 677 738 725 cessissem3
769 675 964 715 infinitam
992 677 1157 715 caedem
1181 677 1274 724 fore,
1297 675 1328 714 si
1353 675 1592 716 restitissem.

260 743 418 783 Deinde
463 744 513 782 ad
553 750 771 782 extremum
811 755 940 793 neque
983 756 1024 781 se
1063 755 1194 792 neque
1232 755 1420 792 generum
1465 756 1595 794 neque

257 810 463 859 conlegam
496 822 611 847 suum
642 807 802 846 tribuno
831 809 882 857 pl.
914 808 1153 846 defuturum.
1214 807 1295 846 Hic
1325 814 1367 846 tu
1396 807 1520 846 hostis
1548 820 1595 846 ac
1617 823 1654 846 10

258 873 433 924 proditor
458 873 542 911 aliis
568 887 631 912 me
659 872 919 912 inimiciorem
946 886 1066 923 quam
1091 871 1162 911 tibi
1183 872 1328 911 debere
1355 885 1440 911 esse
1467 871 1595 911 dicis?

259 940 345 988 Ego
373 939 417 978 C.
442 939 651 979 Caesarem
683 951 763 976 non
794 938 933 977 eadem
962 939 1013 976 de
1041 951 1081 976 re
1111 937 1270 988 publica
1299 936 1467 976 sensisse
1492 951 1593 988 quae

258 1017 321 1042 me
345 1003 451 1052 scio,
486 1005 555 1042 sed
577 1010 721 1050 tamen,
743 1003 852 1053 quod
879 1002 956 1041 iam
978 1004 1028 1042 de
1049 1017 1097 1041 eo
1117 1002 1177 1041 his
1203 1002 1456 1041 audientibus
1477 1016 1593 1053 saepe

256 1068 346 1116 dixi,
371 1082 434 1107 me
461 1068 525 1107 ille
552 1068 608 1106 sui
633 1067 752 1107 totius
778 1069 1005 1106 consulatus
1033 1080 1248 1118 eorumque
1276 1068 1471 1105 honorum
1493 1081 1592 1117 quos

256 1147 346 1172 cum
386 1133 572 1185 proximis
611 1133 918 1172 communicavit
957 1133 1108 1171 socium
1147 1146 1233 1171 esse
1271 1132 1404 1181 voluit,
1437 1133 1588 1180 detulit,
1614 1148 1650 1180 ¹5

256 1199 442 1247 invitavit,
466 1199 626 1250 rogavit.
686 1200 780 1238 Non
810 1212 896 1237 sum
927 1206 1086 1250 propter
1115 1198 1277 1237 nimiam
1308 1200 1470 1238 fortasse
1501 1212 1591 1237 con-

256 1265 421 1304 stantiae
449 1264 706 1315 cupiditatem
728 1265 925 1303 adductus
953 1265 1003 1303 ad
1024 1278 1182 1303 causam
1201 1279 1212 1313 3
1240 1278 1320 1303 non
1342 1265 1590 1315 postulabam

256 1338 298 1369 ut
336 1330 371 1369 ei
411 1330 633 1369 carissimus
672 1343 799 1368 essem
839 1329 950 1368 cuius
989 1344 1062 1379 ego
1101 1344 1150 1368 116
1190 1329 1391 1368 beneficiis
1429 1330 1591 1380 quidem

256 1395 490 1434 sententiam
527 1409 655 1434 meam
691 1394 949 1433 tradidissem.
1009 1396 1195 1434 Adducta
1227 1410 1286 1434 res
1322 1396 1360 1434 in
1393 1404 1590 1434 certamen

198 972 237 1006 79

255 1468 293 1499 te
339 1462 501 1500 consule
545 1461 765 1510 putabatur,
809 1468 938 1498 utrum
978 1474 1080 1510 quae
1129 1461 1327 1511 superiore
1374 1474 1480 1499 anno
1527 1460 1591 1499 ille
1612 1473 1651 1494 20

254 1525 435 1576 gessisset
457 1532 672 1573 manerent,
694 1538 744 1563 an
766 1525 1088 1564 rescinderentur.
1150 1526 1260 1576 Quid
1288 1527 1425 1576 loquar
1452 1527 1592 1576 plura?

255 1591 294 1630 Si
322 1598 474 1629 tantum
504 1590 567 1628 ille
595 1590 633 1628 in
656 1603 719 1628 me
746 1603 831 1628 esse
859 1604 939 1628 uno
967 1590 1117 1629 roboris
1146 1598 1183 1628 ct
1204 1590 1354 1628 virtutis
1379 1590 1528 1640 putavit
1548 1598 1591 1628 ut

253 1669 355 1706 quae
383 1655 466 1706 ipse
496 1663 666 1705 gesserat
697 1654 961 1701 conciderent,
991 1655 1020 1693 si
1052 1668 1125 1705 ego
1155 1655 1393 1703 restitissem,
1421 1669 1489 1693 cur
1517 1669 1591 1706 ego

191 1732 232 1762 80
253 1735 333 1760 non
371 1721 583 1771 ignoscam,
623 1720 651 1758 si
693 1720 918 1770 anteposuit
965 1734 1075 1759 suam
1115 1722 1280 1760 salutem
1321 1722 1464 1760 meae?
1511 1721 1589 1759 Sed

251 1785 458 1836 praeterita
497 1785 621 1823 mitto.
684 1786 753 1823 Me
788 1792 830 1823 ut
867 1786 938 1825 Cn.
979 1786 1191 1836 Pompeius
1226 1786 1411 1824 omnibus
1450 1786 1589 1825 studiis
1609 1796 1647 1828 25

251 1851 341 1899 suis,
374 1850 585 1896 laboribus,
621 1849 721 1888 vitae
758 1849 939 1900 periculis
975 1852 1204 1900 complexus
1239 1859 1307 1898 est,
1341 1864 1431 1890 cum
1466 1851 1590 1889 muni-

251 1916 353 1966 cipia
384 1929 454 1965 pro
485 1929 548 1953 me
578 1914 712 1961 adiret,
749 1915 885 1953 Italiae
920 1916 1038 1953 sidem
1076 1915 1310 1966 imploraret,
1345 1918 1385 1954 P.
1419 1917 1590 1955 Lentulo

298 2031 311 2051 1
338 2019 548 2060 consulibus]
571 2029 608 2049 se
627 2019 820 2049 consulibus
839 2018 893 2049 P:
918 2020 977 2050 scd
999 2020 1191 2051 consulibus
1205 2020 1302 2051 Klotz
1423 2030 1443 2060 3
1468 2020 1588 2059 ecquid

249 2064 297 2096 ed.
317 2063 372 2094 R:
408 2064 491 2094 haec
501 2063 581 2102 quid
602 2062 655 2093 E:
680 2068 712 2092 et
728 2063 806 2101 quid
826 2065 891 2094 cett.
1095 2064 1190 2105 quid]
1211 2065 1289 2104 quid
1308 2065 1359 2094 his
1377 2062 1423 2094 Ee
1567 2065 1588 2094 6

249 2112 340 2138 esset
356 2107 457 2138 armis
471 2107 553 2136 nihil
581 2106 742 2136 contione
760 2105 793 2135 P
936 2117 952 2145 7
979 2117 1047 2136 rem
1066 2117 1098 2146 p.
1118 2109 1235 2138 iterum
1253 2108 1285 2137 P
1302 2120 1307 2138 :
1334 2108 1453 2138 iterum
1467 2117 1536 2138 rem
1551 2117 1584 2146 p.

248 2154 313 2182 cett.
466 2151 486 2180 8
513 2150 583 2180 sore
604 2150 743 2179 caedem
760 2149 793 2179 E
945 2160 966 2188 9
989 2160 1026 2180 se
1044 2173 1051 2180 .
1071 2174 1078 2181 .
1102 2174 1109 2181 .
1130 2151 1240 2192 suum]
1261 2157 1294 2182 te
1312 2174 1318 2181 .
1338 2176 1344 2183 .
1367 2174 1373 2181 .
1394 2156 1484 2181 tuum
1504 2151 1583 2180 com'.

252 2193 412 2226 Garatoni
506 2203 544 2223 lo
568 2192 739 2223 tribunum
759 2192 801 2232 pl.
823 2191 856 2222 P
943 2193 1134 2224 defuturum
1153 2194 1203 2226 P:
1234 2205 1298 2225 non
1313 2194 1500 2225 defuturum
1520 2197 1583 2224 cell.

252 2238 291 2267 16
314 2247 387 2268 sum
406 2237 456 2267 P:
482 2247 554 2266 sum
570 2246 634 2275 ego
653 2239 718 2266 cell.
868 2237 905 2267 18
932 2247 975 2267 ne
993 2237 1166 2268 beneficiis
1183 2238 1319 2277 quidem
1336 2237 1388 2268 P:
1412 2237 1587 2267 beneficiis

249 2291 291 2311 116
305 2281 441 2320 quidem
458 2280 531 2311 Ms:
558 2279 730 2310 beneficiis
745 2279 879 2318 quidem
899 2283 964 2310 cels.
1113 2291 1155 2311 20
1179 2291 1266 2320 quac
1285 2281 1333 2313 P:
1359 2292 1398 2311 ea
1416 2291 1500 2319 quae
1518 2284 1581 2312 cett.

248 2325 458 2363 superiorem
477 2333 565 2354 anno
583 2323 639 2353 ille
656 2322 846 2361 gessissent
864 2322 897 2353 P
993 2333 1034 2362 23
1061 2334 1120 2355 cur
1136 2335 1200 2363 ego
1211 2324 1266 2363 Pq»
1281 2337 1286 2356 t
1312 2334 1371 2355 cui·
1387 2328 1451 2355 cett,
1544 2333 1584 2363 25

248 2368 345 2399 mitto
358 2367 408 2402 P;
433 2367 555 2397 omitto
572 2369 636 2398 cett.
707 2366 826 2397 studiis
843 2367 914 2397 suis
931 2366 982 2397 P:
1008 2368 1076 2398 suis
1094 2368 1215 2398 studiis
1233 2371 1296 2399 cett.
