1747 2620
181 85 225 122 14
247 92 289 123 40
614 75 671 113 M.
703 75 870 113 TVLLI
904 72 1211 113 CICERONIS

188 204 223 236 41
248 188 408 228 nomine
433 195 471 227 et
497 187 572 226 alia
592 188 642 227 de
663 199 781 226 causa
807 185 1026 225 abstulisse.
1086 185 1126 223 Si
1157 182 1232 222 alia
1252 183 1302 222 de
1323 195 1449 229 causa,
1474 194 1575 232 quae

248 254 344 293 ratio
385 254 456 292 tibi
495 267 584 292 cum
624 266 672 291 eo
711 253 1011 290 intercesserat?
1070 250 1199 288 Nulla.
1260 247 1456 286 Addictus
1495 253 1576 285 erat

248 319 348 358 tibi?
406 321 511 358 Non.
571 320 728 356 Frustra
757 324 912 366 tempus
944 323 1118 354 contero.
1179 312 1404 360 ‘Omnin0,'
1435 312 1573 362 inquit,

251 386 344 423 ‘Hs
375 395 544 422 0001333
564 396 586 420 a
609 382 743 420 Flavio
765 395 845 420 non
867 381 1028 419 abstulit
1056 392 1186 429 neque
1215 377 1383 428 Panurgi
1413 376 1575 415 nomine

249 463 376 499 neque
407 447 664 497 cuiusquam)
720 446 761 485 Si
790 448 952 497 planum
981 444 1082 484 facio
1114 451 1204 495 post
1241 445 1343 481 hanc
1376 449 1573 480 recentem
1593 452 1611 485 5

248 513 542 564 stipulationem
583 513 703 550 Rosci
746 513 815 549 HS
852 522 1022 549 0001333
1056 523 1079 548 a
1115 509 1249 547 Flavio
1283 515 1322 546 te
1355 506 1573 552 abstulisse,

248 579 441 629 numquid
464 591 604 616 causae
621 585 678 615 est
695 578 790 627 quin
811 577 861 614 ab
883 574 1030 614 iudicio
1050 575 1169 613 abeas
1184 572 1406 624 turpissime
1422 572 1576 611 victus?

186 658 226 689 42
249 646 342 694 Quo
372 651 470 682 teste
495 643 609 694 igitur
636 644 714 681 hoc
740 643 904 693 planum
926 640 1098 679 faciam?
1153 641 1337 686 Venerat,
1360 645 1403 677 ut
1422 637 1574 688 opinor,

248 711 345 748 haec
366 722 425 747 res
447 710 487 746 in
508 707 711 747 iudicium.
760 708 887 746 Certe.
941 705 1041 755 Quis
1061 712 1143 744 erat
1170 706 1341 755 petitor?
1389 702 1575 741 Fannius.

249 774 348 824 Quis
371 775 486 812 reus?
535 772 701 812 Flavius.
766 771 866 821 Quis
897 772 1044 809 iudex?
1092 769 1266 809 Cluvius.
1317 770 1376 808 Ex
1396 769 1455 807 his
1476 781 1577 806 unus
1601 784 1638 806 ιο

249 839 344 878 mihi
384 839 491 878 testis
530 846 588 878 est
626 839 906 890 producendus
942 836 1008 887 qui
1042 837 1252 887 pecuniam
1291 836 1424 874 datam
1459 833 1576 873 dicat.

249 906 349 955 Quis
380 913 437 944 est
469 919 515 944 ex
549 905 609 943 his
642 903 924 954 gravissimus?
980 902 1073 941 Sine
1102 901 1367 940 controversia
1399 899 1466 950 qui
1497 913 1578 938 om-

251 972 361 1009 nium
392 969 539 1009 iudicio
570 969 851 1020 comprobatus
872 976 931 1007 est
951 967 1081 1006 iudex.
1141 968 1273 1016 Quem
1300 965 1415 1016 igitur
1441 979 1489 1004 ex
1518 964 1578 1002 his

249 1037 370 1074 tribus
391 1050 413 1074 a
434 1050 497 1075 me
518 1043 659 1074 testem
689 1033 966 1085 exspectabis?
996 1033 1234 1083 petitorem?
1292 1030 1465 1070 Fannius
1493 1037 1579 1078 est3

248 1109 387 1141 contra
414 1114 457 1140 se
485 1114 703 1151 numquam
725 1098 994 1138 testimonium
1023 1098 1140 1137 dicet.
1204 1098 1365 1136 Reum?
1421 1096 1577 1135 Flavius
1601 1109 1638 1141 15

248 1175 316 1208 est.
380 1169 419 1206 Is
454 1166 530 1206 iam
565 1167 718 1217 pridem
750 1173 808 1204 est
842 1172 1043 1212 mortuus3
1084 1165 1115 1202 si
1149 1162 1306 1210 viveret,
1343 1162 1462 1201 verba
1495 1162 1578 1200 eius

248 1233 446 1272 audiretis.
519 1233 728 1271 Iudicem?
786 1231 949 1270 Cluvius
984 1237 1053 1268 est.
1114 1229 1226 1278 Quid
1255 1228 1287 1267 is
1323 1227 1448 1266 dicit?
1508 1226 1576 1266 HS

249 1310 419 1337 0001333
476 1296 643 1347 Panurgi
693 1295 855 1335 nomine
913 1295 1092 1334 Flavium
1141 1293 1294 1333 Fannio
1341 1293 1576 1332 dissolvisse.

250 1365 382 1412 Quem
418 1370 459 1401 tu
480 1363 521 1401 si
553 1376 600 1401 ex
631 1375 751 1401 censu
782 1368 946 1411 spectas,
979 1374 1100 1411 eques
1132 1362 1339 1398 Romanus
1370 1366 1441 1406 est,
1471 1359 1502 1396 si
1532 1371 1580 1397 ex

249 1427 338 1475 vita,
371 1429 492 1467 homo
520 1426 756 1466 clarissimus
789 1434 857 1473 est,
894 1425 926 1464 si
960 1439 1007 1464 ex
1039 1427 1128 1473 fide,
1161 1424 1334 1463 iudicem
1365 1422 1576 1474 sumpsisti,
1600 1436 1640 1459 20

188 1507 231 1541 43
250 1492 281 1532 si
303 1507 349 1532 ex
369 1492 540 1540 veritate,
572 1493 613 1531 id
637 1493 747 1542 quod
777 1491 875 1530 scire
901 1490 1030 1541 potuit
1054 1497 1093 1528 et
1119 1490 1258 1529 debuit
1287 1488 1393 1528 dixit.
1455 1490 1577 1538 Nega,

251 1572 351 1609 nega
387 1572 493 1596 nunc
534 1557 655 1607 equiti
697 1559 893 1603 Romano,
937 1555 1088 1595 homini
1128 1556 1307 1602 honesto,
1348 1553 1468 1592 iudici
1512 1561 1580 1592 tuo

249 1623 354 1662 credi
394 1626 602 1673 oportere!
649 1621 953 1672 ,Circumspiciss
993 1628 1157 1667 aestuat,
1198 1627 1314 1670 negat
1354 1633 1426 1658 nos
1465 1618 1581 1658 Cluvi

250 1689 518 1730 testimonium
543 1688 826 1731 recitaturos„
848 1686 1144 1730 ..Recitabffimus-
1214 1675 1329 1724 Erras
1348 1700 1359 1733 3
1386 1684 1506 1730 ,inani
1541 1692 1581 1724 et

251 1756 358 1802 tenui
388 1768 457 1805 spe
486 1762 524 1794 te
554 1753 779 1801 consolaris.
842 1752 982 1791 Recita
1011 1751 1282 1791 testimonium
1303 1753 1350 1789 T.
1375 1750 1515 1789 Manili
1541 1757 1579 1788 et
1602 1763 1640 1795 ²5

252 1821 297 1859 C.
326 1819 444 1868 Lusci
477 1820 638 1866 Ocreae,
671 1820 841 1867 duorum
877 1825 1114 1863 senatorum,
1149 1816 1356 1855 hominum
1385 1814 1580 1858 ornatissi-⁴

252 1898 405 1923 morum
427 1886 492 1935 qui
512 1885 567 1923 >ex
592 1884 734 1923 Cluvio
762 1883 979 1921 audierunt.
1042 1892 1345 1918 ‘l'lssy‘laloivmn
1371 1892 1401 1918 T.
1421 1891 1584 1916 AJAA‘JLJ

252 1961 498 1987 Esc.l.1›xs·cl
521 1962 695 1987 weselfflls.
753 1951 892 1988 Vtrum
933 1949 1030 1988 dicis
1070 1948 1215 1987 Luscio
1245 1956 1282 1987 et
1316 1947 1494 1994 Manilio,
1530 1960 1580 1985 an

252 2015 370 2054 etiam
402 2014 543 2055 Cluvio
574 2029 654 2054 non
685 2029 770 2054 esse
801 2015 1077 2054 credendum?
1137 2013 1294 2051 Planius
1324 2021 1443 2063 atque
1472 2026 1580 2063 aper-

298 2130 315 2159 7
341 2130 461 2150 causae
479 2125 530 2150 est
548 2121 576 2152 ‘3‘
592 2131 598 2150 ε
624 2131 743 2151 causac
762 2120 824 2152 crit
842 2120 889 2151 b‘2!
907 2134 912 2152 :
938 2131 1074 2151 causare
1115 2118 1165 2150 —z'fr
1184 2120 1223 2150 QX
1244 2124 1306 2150 cell.
1424 2129 1461 2158 13
1478 2119 1579 2150 iudex

253 2162 312 2194 dcl.
335 2164 439 2194 Orelli
572 2175 609 2203 14
635 2165 846 2204 exspectabis
864 2164 907 2196 [ν’.
928 2164 1120 2195 Hotoman:
1157 2164 1323 2203 spectabis
1341 2166 1404 2194 cell.
1543 2164 1580 2193 16

255 2213 316 2238 cst.
364 2207 396 2238 Is
415 2207 462 2238 ed.
484 2208 533 2240 R:
561 2209 658 2239 testis
683 2209 771 2239 codd.
942 2220 977 2248 17
1003 2210 1081 2248 quid
1109 2209 1135 2238 is
1160 2208 1239 2238 dicit
1263 2219 1329 2238 om.
1350 2211 1375 2237 Ω
1543 2208 1579 2237 18

257 2250 402 2281 Flavium
430 2252 571 2293 Fannio]
603 2253 762 2283 Fannium
791 2253 904 2284 Flavio
930 2253 996 2283 b¹cz
1038 2253 1164 2283 Fannio
1190 2252 1339 2282 Flavium
1364 2251 1396 2282 b²
1539 2261 1581 2280 20

255 2295 464 2325 castissimus
484 2297 667 2327 Lambinus
757 2298 822 2328 fide
841 2297 986 2337 Kayser:
1012 2302 1044 2327 te
1062 2296 1148 2327 codd.
1278 2307 1316 2335 27
1343 2304 1578 2326 TESTIMONWM

256 2362 262 2369 .
283 2364 289 2370 .
308 2362 315 2368 .
336 2361 343 2369 .
361 2349 497 2371 OCREAE
516 2342 622 2381 suppl.
641 2341 813 2371 Hotoman
962 2342 1003 2372 28
1027 2352 1067 2371 an
1086 2340 1184 2371 ctiam
1203 2340 1333 2380 srm'pst':
1359 2351 1400 2370 an
1419 2343 1451 2370 et
1469 2342 1525 2379 (an
1545 2338 1579 2369 b:

256 2388 288 2413 ct
306 2382 349 2424 θ’)
367 2384 454 2415 codd.
476 2396 482 2415 ε
506 2396 594 2417 anne
612 2385 735 2415 Msillcr
