1716 2662
493 87 554 125 IN
586 87 629 124 L.
661 86 911 124 PISONEM
942 85 1158 124 ORATIO
1445 84 1496 130 38

169 196 315 236 exitum
349 204 601 247 exspectaret,
638 196 677 235 in
714 195 954 235 Macedonia
987 203 1147 246 tropaea
1180 194 1310 246 posuit
1328 209 1338 242 3
1372 208 1497 244 eaque

168 276 263 312 quae
283 262 446 301 bellicae
476 262 602 301 laudis
632 261 896 312 victoriaeque
926 274 1065 300 omnes
1097 267 1234 311 gentes
1264 259 1430 310 insignia
1460 267 1499 298 et

170 335 428 366 monumenta
447 341 532 366 esse
548 329 756 366 voluerunt
781 334 914 365 noster
943 325 1007 364 hic
1036 332 1309 376 praeposterus
1338 325 1500 376 impera-

169 399 228 431 tor
254 392 487 432 amissorum
517 392 765 442 oppidorum,
799 405 1001 430 caesarum
1029 391 1240 441 legionum,
1276 389 1500 441 provinciae

132 457 364 507 5praesz'dio
409 465 447 496 et
486 457 644 507 reliquis
690 456 880 495 militibus
928 457 1087 495 orbatae
1126 458 1176 495 ad
1218 455 1499 506 sempiternum

169 522 343 560 dedecus
372 521 431 560 sui
460 521 612 571 generis
641 529 679 559 et
709 520 880 559 nominis
910 522 1065 559 funesta
1094 520 1241 559 indicia
1272 520 1501 567 constituit3

170 586 367 637 idemque,
397 595 439 625 ut
468 594 570 625 esset
605 587 713 637 quod
748 586 787 624 in
819 585 903 625 basi
936 593 1185 636 tropaeorum
1220 585 1378 624 inscribi
1409 584 1501 623 inci-

169 651 288 702 dique
319 659 462 702 posset,
487 651 746 702 Dyrrachium
778 659 820 690 ut
850 651 956 690 venit
988 653 1198 698 decedens,
1229 652 1413 690 obsessus
1442 657 1500 689 est

167 717 220 755 ab
246 716 302 756 eis
330 716 422 767 ipsis
453 716 642 755 militibus
671 730 771 767 quos
802 718 920 767 paulo
946 724 1037 755 ante
1062 718 1265 766 Torquato
1296 715 1500 766 respondit

111 796 150 818 10
168 774 345 820 benefici*
370 795 487 820 causa
519 795 542 819 a
576 795 617 820 se
651 795 736 820 esse
768 781 962 820 dimissos.
1036 781 1192 829 Quibus
1227 794 1317 819 cum
1352 780 1499 819 iuratus

166 847 411 885 adfirmasset
446 860 486 885 se
517 860 617 896 quae
647 847 884 885 deberentur
916 854 1074 896 postero
1102 846 1167 885 die
1194 847 1498 896 persoluturum,

167 913 332 951 domum
354 926 394 950 se
414 911 594 960 abdidit3
622 911 714 950 inde
737 919 853 950 nocte
880 911 1116 962 intempesta
1144 911 1366 962 crepidatus
1390 918 1496 949 veste

167 977 294 1017 servili
319 991 459 1015 navem
487 977 720 1016 conscendit
752 977 1086 1027 Brundisiumque
1111 976 1245 1016 vitavit
1274 984 1313 1015 et
1339 976 1496 1015 ultimas

168 1042 364 1082 Hadriani
398 1043 513 1081 maris
545 1057 630 1082 oras
655 1043 802 1094 petivit,
826 1057 917 1081 cum
944 1042 1098 1082 interim
1128 1042 1332 1092 Dyrrachii
1354 1041 1496 1080 milites

110 1121 147 1154 15
167 1110 331 1147 domum
353 1108 392 1146 in
414 1122 492 1158 qua
512 1108 630 1147 istum
656 1122 742 1147 esse
769 1108 1057 1147 arbitrabantur
1078 1108 1260 1147 obsidere
1281 1114 1496 1158 coeperunt

166 1181 214 1221 et,
249 1188 339 1213 cum
374 1175 493 1212 latere
527 1174 730 1213 hominem
770 1181 963 1224 putarent,
998 1173 1097 1224 ignis
1137 1173 1492 1212 circumdederunt.

167 1242 259 1288 Quo
281 1247 386 1278 metu
409 1239 599 1278 commoti
620 1238 853 1289 Dyrrachini
874 1238 1090 1289 profugisse
1111 1246 1230 1277 noctu
1252 1237 1494 1288 crepidatum

167 1304 441 1354 imperatorem
473 1304 755 1343 indicaverunt.
817 1305 878 1343 Illi
909 1312 1041 1343 autem
1072 1311 1239 1342 statuam
1272 1303 1380 1341 istius
1415 1317 1496 1353 per-

168 1370 345 1417 similem,
387 1384 506 1421 quam
550 1378 651 1409 stare
698 1370 954 1409 celeberrimo
1002 1370 1041 1408 in
1089 1371 1178 1408 loco
1225 1370 1399 1407 voluerat
1448 1383 1496 1407 ne

111 1452 149 1473 ιο
167 1435 383 1473 suavissimi
406 1435 576 1473 hominis
598 1435 786 1474 memoria
807 1444 1032 1481 moreretur,
1055 1435 1276 1480 deturbant,
1293 1434 1494 1483 adfligunt,

167 1500 453 1548 comminuunt,
487 1500 690 1551 dissipant.
750 1501 814 1540 Sic
849 1501 985 1539 odium
1020 1501 1128 1550 quod
1165 1499 1203 1537 in
1239 1498 1366 1549 ipsum
1401 1506 1497 1536 attu-

167 1567 301 1613 lerant,
338 1566 378 1604 id
410 1566 449 1604 in
483 1566 566 1604 eius
605 1566 816 1616 imaginem
851 1580 897 1604 ac
936 1565 1187 1604 simulacrum
1227 1565 1494 1614 profuderunt.

168 1633 282 1680 Quae
313 1644 404 1669 cum
430 1630 483 1669 ita
504 1631 718 1670 sint-—non
745 1631 849 1669 enim
872 1631 1012 1670 dubito
1035 1630 1142 1680 quin,
1166 1643 1256 1667 cum
1279 1630 1376 1667 haec
1396 1642 1496 1678 quae

169 1697 363 1734 excellunt
398 1709 460 1734 me
494 1710 609 1734 nosse
644 1696 788 1743 videas,
823 1710 904 1734 non
945 1695 1141 1734 existimes
1182 1693 1352 1732 mediam
1391 1692 1496 1730 illam

111 1777 149 1809 ²5
170 1769 319 1811 partem
340 1768 378 1799 et
399 1761 553 1799 turbam
575 1761 810 1811 flagitiorum
830 1769 985 1799 tuorum
1005 1759 1100 1798 mibi
1123 1773 1207 1798 esse
1225 1758 1495 1798 inauditam—

168 1825 264 1864 nihil
289 1833 346 1864 est
368 1827 476 1876 quod
493 1840 555 1864 me
577 1827 741 1873 hortere,
766 1826 861 1863 nihil
883 1834 940 1864 est
962 1827 1069 1876 quod
1099 1824 1236 1863 invites
1257 1838 1266 1872 3
1291 1822 1496 1862 admoneri

167 1904 230 1929 me
251 1891 342 1929 satis
360 1899 427 1929 est.
470 1891 714 1930 Admonebit
735 1899 867 1930 autem
889 1905 1008 1929 nemo
1028 1890 1126 1929 alius
1149 1889 1221 1928 nisi
1242 1888 1294 1927 rei
1316 1889 1497 1939 publicae

166 1964 331 2007 tempus,
365 1957 474 2006 quod
509 1955 605 1994 mihi
640 1956 802 2006 quidem
842 1956 965 2007 magis
1000 1956 1153 1994 videtur
1184 1968 1305 2004 quam
1341 1962 1382 1992 tu
1417 1968 1498 1992 um-

1517 99 1557 132 92

1520 1051 1561 1084 93

1518 1640 1561 1672 94

167 2035 286 2072 quam
317 2021 524 2060 arbitratus
554 2035 595 2060 es
625 2021 951 2071 appropinquare.
1014 2020 1170 2071 Ecquid
1201 2020 1320 2065 vides,
1353 2018 1497 2069 ecquid
1516 2021 1571 2058 39

215 2120 226 2139 1
255 2114 470 2149 exspectaret
490 2108 663 2140 Faernus:
698 2114 870 2149 spectaret
888 2112 951 2140 (cll.
1073 2119 1179 2148 caque
1205 2117 1289 2146 quae
1315 2106 1360 2136 cd.
1384 2106 1497 2138 Cral.:

167 2164 274 2192 eaque
295 2153 349 2184 ⁴'ea
365 2163 450 2192 quae
467 2153 564 2192 φχς)
582 2152 670 2183 codd.
801 2164 820 2191 3
841 2154 1044 2183 monimenta
1060 2151 1107 2182 Ee
1217 2152 1238 2180 6
1255 2151 1385 2181 funesta
1403 2150 1473 2189 Εεφ
1491 2162 1497 2181 :

167 2208 232 2228 om.
247 2200 309 2228 cell.
406 2206 444 2235 13
463 2196 748 2236 Brundisiumque
763 2196 794 2226 E
811 2208 816 2226 :
843 2197 1134 2235 Brundusiumque
1149 2199 1211 2226 cell.
1307 2204 1343 2233 15
1361 2194 1498 2224 arbitra-

168 2241 290 2271 bantur
302 2239 385 2280 Lag.
397 2250 427 2279 9,
443 2239 511 2271 cdd.
527 2239 588 2270 VR
604 2252 609 2270 :
628 2240 832 2271 arbitrantur
844 2242 1031 2271 ‹Zrarentur
1046 2251 1057 2270 1
1073 2240 1130 2269 dcl.
1162 2243 1225 2271 cell.
1289 2250 1325 2277 19
1345 2238 1375 2267 in
1388 2249 1452 2268 om.
1468 2237 1500 2267 E

169 2295 207 2322 24
235 2283 405 2315 excellunt
424 2282 506 2324 Lag.
525 2294 556 2322 9.
578 2284 769 2319 Naaman-s·
790 2286 837 2325 ³1]
855 2297 861 2315 ε
888 2285 1056 2315 cxccllcnt
1075 2287 1137 2314 cels.
1253 2293 1292 2321 25
1319 2295 1335 2312 c
1355 2282 1449 2311 turba
1468 2281 1501 2311 N

170 2330 212 2358 26
228 2327 306 2357 nihil
325 2329 412 2366 quod
433 2328 550 2357 invites
566 2327 613 2365 w',
631 2326 737 2357 Halm
858 2331 898 2358 28
916 2330 1051 2369 quidem
1070 2328 1149 2358 milii
1166 2327 1220 2367 lizs·
1322 2337 1364 2364 29
1378 2326 1496 2364 ecquid

198 2396 204 2403 .
226 2396 232 2403 .
254 2371 382 2410 etquid
400 2371 447 2403 E:
474 2371 600 2410 etquid
619 2394 626 2402 .
646 2393 653 2402 .
676 2394 682 2402 .
703 2372 831 2410 etquid
849 2377 911 2404 cell.
