1716 2662
107 791 144 815 10

108 1121 146 1153 Ι5

327 82 436 120 PRO
467 82 512 121 C.
546 82 786 120 RABIRIO
818 82 1083 120 POSTVMO
1114 82 1330 120 ORATIO
1459 81 1548 128 614

161 192 309 232 videret
343 208 393 233 ne
431 207 510 244 qua.
542 207 645 232 nova
678 192 909 244 quaestione
947 193 1192 243 adligaretur.
1254 194 1372 231 Nunc
1406 205 1486 238 vos,

161 257 313 308 equites
350 258 532 305 Romani,
555 258 694 297 videte.
754 257 867 296 Scitis
900 271 963 296 me
994 265 1123 296 ortum
1156 271 1177 296 e
1211 257 1323 296 vobis
1358 256 1490 296 onmia

161 337 316 373 semper
336 323 503 362 sensisse
528 337 598 374 pro
623 323 744 362 vobis.
804 322 914 361 Nihil
944 323 1085 360 horum
1115 321 1200 360 sine
1229 335 1371 372 magna
1399 335 1491 360 cura

162 395 200 426 et
220 401 375 426 summa
391 387 550 427 caritate
570 387 687 426 vestri
707 386 855 426 ordinis
876 388 1025 437 loquor.
1058 386 1171 425 Alius
1192 386 1289 426 alios
1310 385 1490 425 homines

163 460 200 491 et
238 452 406 500 ordines,
440 466 513 503 ego
547 466 616 491 vos
652 466 806 503 semper
840 453 1068 502 complexus
1103 465 1201 490 sum.
1262 453 1414 491 Moneo
1453 458 1491 490 et

162 518 358 569 praedico,
399 518 548 569 integra
586 532 626 557 re
662 531 860 568 causaque
903 516 1108 564 denuntio,
1142 516 1271 556 omnis
1310 516 1491 555 homines

162 585 339 634 deosque
379 591 529 622 testor:
570 584 666 622 dum
711 582 885 634 potestis,
923 583 1019 622 dum
1059 582 1162 630 licet,
1200 581 1403 633 providete
1443 595 1492 619 ne

162 649 360 688 duriorem
398 648 510 688 vobis
554 648 831 688 condicionem
881 647 1058 687 statuatis
1107 648 1315 698 ordinique
1364 654 1492 685 vestro

163 728 282 765 quam
320 716 418 753 ferre
456 713 622 765 possitis.
707 715 843 764 Serpet
881 714 958 751 hoc
997 714 1155 759 malum,
1196 711 1294 750 mihi
1332 711 1489 758 credite,

162 779 316 829 longius
337 793 455 830 quam
482 778 638 829 putatis.
699 778 979 817 Potentissimo
1000 785 1038 817 et
1059 777 1305 816 nobilissimo
1335 777 1493 816 tribuno

163 846 230 896 pl„
251 846 307 883 M.
333 847 477 892 Druso,
506 857 650 882 novam
682 843 722 882 in
753 851 976 894 equestrem
1007 842 1187 882 ordinem
1220 841 1493 893 quaestionem

164 909 325 948 ferenti:
350 911 412 948 ‘Sr
435 921 527 954 Qv1s
548 921 599 948 ou
627 921 715 947 REM
742 920 1010 947 ivchNDAM
1039 919 1256 946 PECVNIAM
1281 908 1494 946 CEPISSET’

163 983 296 1026 aperte
344 974 495 1026 equites
541 973 713 1014 Romani
758 974 992 1013 restiterunt.
1071 972 1218 1020 Quid?
1264 973 1341 1011 hoc
1379 972 1495 1011 licere

165 1041 387 1080 volebant?
454 1040 649 1088 Minime;
692 1053 821 1090 neque
859 1040 987 1078 solum
1026 1039 1103 1077 hoc
1142 1052 1265 1088 genus
1303 1037 1496 1089 pecuniae

166 1105 382 1156 capiendae
420 1113 532 1156 turpe
579 1106 650 1144 sed
688 1105 805 1144 etiam
845 1104 1036 1144 nefarium
1077 1117 1161 1142 esse
1195 1102 1493 1142 arbitrabantur.

165 1173 226 1210 Ac
260 1178 392 1209 tamen
426 1170 479 1208 ita
507 1170 773 1221 disputabant,
796 1183 863 1208 eos
896 1168 1017 1207 teneri
1050 1168 1201 1218 legibus
1235 1169 1286 1206 eis
1317 1175 1497 1218 oportere

166 1236 233 1286 qui
252 1249 325 1274 suo
350 1234 497 1273 iudicio
518 1242 647 1273 essent
668 1235 774 1273 illam
802 1235 1082 1273 condicionem
1104 1233 1205 1272 vitae
1227 1232 1360 1272 secuti.
1422 1234 1498 1271 De-

166 1303 283 1340 lectat
321 1300 585 1351 amplissimus
624 1299 790 1338 civitatis
833 1301 986 1350 gradus,
1031 1299 1125 1337 sella
1163 1297 1318 1344 curulis,
1360 1299 1495 1344 fasces,

166 1365 338 1416 imperia,
380 1364 614 1416 provinciae,
656 1364 884 1412 sacerdotia,
922 1363 1119 1413 triumphi,
1157 1362 1330 1413 denique
1369 1362 1498 1411 imago

110 1446 123 1467 2
168 1429 250 1481 ipsa
281 1431 333 1469 ad
372 1430 609 1480 posteritatis
641 1429 871 1469 memoriam
908 1428 1087 1479 prodita;
1121 1435 1205 1467 esto
1235 1428 1349 1466 simul
1381 1426 1497 1466 etiam

168 1496 392 1535 sollicitudo
423 1496 553 1546 aliqua
587 1504 625 1534 et
660 1497 789 1546 legum
822 1503 861 1534 et
900 1493 1134 1533 iudiciorum
1175 1492 1298 1532 maior
1337 1492 1498 1543 quidam

169 1569 306 1601 metus.
390 1562 497 1599 ‘Nos
538 1560 610 1599 ista
649 1574 866 1610 numquam
907 1558 1219 1608 contempsimus
1238 1557 1355 1596 '-ita
1394 1556 1498 1596 enim

169 1627 490 1678 disputabant—‘
504 1627 574 1665 sed
596 1627 697 1664 hanc
714 1625 832 1664 xitam
854 1624 1028 1675 quietam
1049 1631 1168 1674 atque
1190 1623 1355 1662 otiosam
1378 1621 1500 1661 secuti

171 1706 305 1731 sumus
329 1723 338 1739 ,
385 1705 486 1741 quae
525 1690 713 1741 quoniam
752 1691 902 1728 honore
942 1696 1056 1736 caret,
1099 1696 1227 1727 careat
1266 1675 1384 1726 ctiani
1423 1700 1502 1725 mo-

138 1770 148 1776 ·
171 1757 305 1796 lestii'
358 1761 364 1775 ‘
383 1759 483 1794 'lam
515 1770 555 1794 es
586 1763 627 1793 tu
661 1754 776 1794 iudex
811 1767 917 1804 eques
949 1767 1068 1804 quam
1098 1767 1172 1803 ego
1203 1753 1381 1791 senat01.'
1419 1753 1503 1789 ‘Ita

171 1830 239 1869 est,
263 1823 332 1861 sed
354 1830 395 1860 tu
416 1821 520 1860 istud
548 1819 689 1871 petisti,
712 1833 784 1870 ego
806 1820 882 1858 hoc
903 1832 1032 1869 cogor.
1093 1820 1184 1866 Qua
1216 1831 1255 1856 re
1286 1824 1352 1855 aut
1382 1815 1501 1855 iudici

172 1887 267 1926 mihi
295 1901 374 1926 non
400 1900 484 1926 esse
514 1887 639 1932 liceat,
662 1892 728 1923 aut
759 1886 843 1935 lege
869 1883 1063 1922 senatoria
1095 1897 1176 1921 non
1204 1881 1350 1921 teneris
1409 1883 1501 1920 Hoc

171 1967 251 2000 vos,
284 1952 434 2003 equites
468 1952 651 1996 Romani,
682 1950 741 1988 ius
772 1964 795 1988 a
830 1949 1004 2000 patribus
1042 1956 1249 1998 acceptum
1285 1946 1502 1985 amittetis?

174 2018 323 2057 Moneo
344 2031 393 2056 ne
416 2016 574 2055 faciatis.
637 2014 855 2065 Rapientur
881 2013 1061 2053 homines
1093 2013 1131 2051 in
1162 2013 1259 2051 haec
1285 2011 1430 2051 iudicia
1456 2025 1503 2050 ex

220 2133 235 2161 7
262 2127 367 2153 testes
386 2124 410 2151 Ω
556 2131 577 2159 9
602 2119 737 2160 possitis
752 2117 935 2149 Patr‘·1c1us.
962 2116 1068 2157 possit
1085 2116 1173 2147 codd.
1322 2126 1354 2146 11
1384 2124 1502 2145 novam

175 2164 334 2205 Madvig:
360 2175 456 2195 unam
475 2163 562 2194 codd.
692 2173 727 2192 12
754 2163 929 2192 iudicatam
950 2160 1065 2191 codd*
1091 2159 1352 2191 c0».Patr1'c'ms
1464 2168 1501 2196 14

175 2219 236 2239 nec
255 2210 340 2239 enim
359 2208 525 2238 lff‘atm'cius
619 2207 655 2236 16
679 2206 728 2236 cis
747 2206 850 2246 suppl.
873 2205 1037 2235 Palr'uius
1164 2214 1206 2233 20
1230 2208 1301 2232 esto
1317 2202 1339 2231 l
1341 2202 1478 2232 ’anicius
1497 2212 1503 2231 z

175 2258 226 2283 cst
243 2252 345 2283 codd:
363 2252 404 2281 sit
423 2250 611 2281 Mommsen
699 2260 735 2279 ει
757 2249 1099 2285 1naiork,llot0n1a11
1119 2259 1124 2277 :
1150 2247 1309 2276 maiorum
1322 2249 1385 2275 cett.
1461 2254 1502 2282 25

175 2302 265 2326 t1m
267 2295 438 2336 lngclnts·
433 2318 438 2324 .
457 2300 524 2325 tum
537 2305 578 2333 q:
597 2299 708 2324 tamen
723 2293 822 2331 (cade
828 2303 857 2322 'n
870 2293 964 2331 oslff)
979 2295 1041 2322 cna!
1100 2300 1205 2329 eques
1218 2289 1323 2330 suppl.
1340 2287 1503 2320 Patricius

176 2350 216 2379 27
242 2339 351 2378 legem
369 2339 442 2378 lege
461 2337 633 2369 senatoria
646 2346 713 2367 non
731 2336 850 2367 timere
868 2334 978 2366 codda
1005 2346 1086 2366 com.
1105 2334 1266 2365 Pam-''mns

1514 205 1550 237 ¹5

1518 810 1556 842 16

1524 1887 1561 1918 18
