1747 2620
165 82 211 120 16

174 931 214 965 47

173 1564 216 1601 17

177 1616 217 1655 48

233 87 276 129 46
599 83 657 121 M.
689 85 857 122 TVLLI
890 84 1196 124 CICERONIS

235 210 336 245 eum,
354 196 384 235 si
403 196 470 236 illo
485 195 724 245 accessisset,
742 197 952 245 abiturum,
971 196 1102 236 statim
1120 196 1294 236 Caecina
1309 194 1564 242 discessisset,

235 261 414 303 dubitare
443 276 512 302 vos
542 277 622 302 non
653 263 838 302 debuisse
869 263 965 314 quin
996 263 1192 303 Caecinae
1221 264 1323 301 facta
1351 261 1409 301 vis
1438 269 1566 309 esset3

235 328 266 367 si
298 343 390 368 vero
425 328 541 367 simul
575 342 621 367 ac
652 330 790 379 procul
822 328 1028 379 conspexit
1061 336 1233 367 armatos
1265 327 1487 367 recessisset
1517 340 1565 365 eo

235 394 364 433 minus
390 394 631 433 dubitaretis.
691 393 833 433 Omnis
861 394 966 433 enim
992 394 1048 432 vis
1078 401 1136 432 est
1165 407 1266 444 quae
1296 392 1469 444 periculo
1498 398 1566 430 aut

235 461 426 499 decedere
447 474 519 499 nos
541 460 724 498 alicunde
751 460 855 510 cogit
881 467 949 498 aut
975 460 1159 510 prohibet
1185 460 1384 497 accedere.
1444 457 1565 506 Quod
1587 466 1604 498 5

235 524 266 563 si
287 525 396 564 aliter
417 525 605 572 statuetis,
627 524 758 564 videte
785 539 836 564 ne
862 527 939 563 hoc
959 538 1029 563 vos
1057 524 1244 571 statuatis,
1269 523 1335 575 qui
1356 522 1465 561 vivus
1493 522 1567 561 dis-

235 590 403 638 cesserit,
425 590 460 630 ei
481 590 560 629 vim
582 604 663 629 non
684 605 770 630 esse
791 592 948 637 factam,
973 604 1023 629 ne
1044 591 1121 629 hoc
1143 589 1329 628 omnibus
1350 590 1390 626 in
1417 601 1566 639 posses-

237 656 392 696 sionum
423 655 697 695 controversiis
727 656 1012 707 praescribatis,
1033 663 1075 694 ut
1105 655 1399 706 confligendum
1427 653 1501 692 sibi
1528 660 1567 691 et

236 722 353 761 armis
382 723 667 761 decertandum
697 730 847 772 putent,
879 735 943 770 ne,
967 735 1087 772 quem
1116 722 1167 760 ad
1197 721 1361 759 modum
1392 720 1430 757 in
1461 718 1566 757 bello

236 801 365 839 poena
393 787 541 838 ignavis
567 788 618 826 ab
645 786 946 837 imperatoribus
973 786 1232 833 constituitur,
1260 785 1314 824 sic
1344 785 1383 823 in
1411 784 1565 823 iudiciis
1588 802 1625 824 10

236 853 406 892 deterior
421 866 538 892 causa
559 853 607 891 sit
627 867 763 892 eorum
781 852 848 903 qui
870 852 1037 903 fugerint
1058 866 1176 903 quam
1194 852 1261 902 qui
1281 853 1331 890 ad
1348 859 1564 889 extremum

237 932 362 969 usque
393 918 682 957 contenderint.
742 920 845 958 Cum
882 919 932 957 de
964 917 1046 957 iure
1075 926 1113 956 et
1143 917 1325 968 legitimis
1358 917 1566 956 hominum

238 984 511 1024 controversiis
532 984 730 1034 loquimur
750 992 788 1023 et
815 984 854 1022 in
876 985 935 1023 his
957 984 1073 1023 rebus
1095 983 1172 1022 vim
1201 984 1463 1030 nominamus,
1486 997 1567 1034 per-

238 1050 365 1091 tenuis
386 1050 442 1089 vis
472 1050 643 1101 intellegi
671 1051 801 1089 debet.
861 1050 955 1089 Vidi
984 1057 1154 1089 armatos
1184 1049 1361 1100 quamvis
1391 1063 1569 1100 paucos3

238 1130 379 1167 magna
398 1116 455 1155 vis
476 1123 545 1155 est.
605 1116 769 1155 Decessi
791 1115 907 1155 unius
928 1115 1101 1155 hominis
1121 1117 1201 1154 telo
1220 1114 1445 1166 proterritus
1463 1130 1473 1164 ,·
1503 1115 1567 1153 de·
1589 1131 1625 1162 15

236 1182 360 1221 iectus
390 1183 653 1232 detrususque
682 1189 780 1220 sum.
842 1183 945 1220 Hoc
966 1182 996 1220 si
1031 1180 1084 1219 ita
1113 1179 1300 1229 Statuetis,
1332 1193 1413 1219 non
1444 1181 1567 1220 modo

237 1247 409 1288 nonverit
430 1261 498 1286 cur
518 1248 744 1298 depugnare
765 1246 973 1297 quisquam
995 1247 1159 1297 posthac
1174 1245 1434 1296 possessionis
1450 1259 1568 1284 causa

238 1313 340 1361 velit,
363 1314 433 1352 sed
462 1327 514 1352 ne
542 1312 639 1352 illud
668 1312 830 1363 quidem
861 1326 929 1351 cur
958 1325 1183 1363 repugnare.
1240 1311 1311 1351 Sin
1335 1319 1467 1351 autem
1489 1311 1566 1349 vim

238 1379 321 1418 sine
348 1380 480 1425 caede,
505 1379 588 1417 sine
609 1378 889 1426 volneratione‚
913 1377 996 1417 sine
1027 1377 1220 1429 sanguine
1240 1378 1391 1416 ‘nullam
1421 1376 1567 1416 intelle-

236 1444 355 1495 getiss
369 1443 545 1483 statuetis
573 1445 754 1483 homines
785 1443 1044 1494 possessionis
1069 1442 1292 1494 cupid-iores
1310 1455 1438 1493 quam
1466 1444 1567 1482 vitae
1587 1456 1628 1479 20

238 1511 322 1550 esse
351 1517 544 1562 oportere.
1175 1513 1179 1515 ⁴
1373 1514 1379 1515 ’

293 1578 378 1628 Age
401 1576 579 1623 vero5>de
599 1574 636 1614 v'i
666 1582 704 1614 te
732 1574 861 1627 ipsum
883 1575 1041 1614 habebo
1058 1575 1252 1622 iudicem,
1273 1573 1434 1613 Aebuti.
1494 1574 1568 1613 Re-

239 1640 549 1694 sponde,·si—tibi
569 1640 735 1680 Videtur.
795 1642 843 1680 In
871 1641 1039 1680 fundum
1061 1640 1237 1681 Caecina
1254 1644 1384 1679 utrum
1405 1640 1567 1679 tandem

239 1706 580 1755 noluit-{annon
600 1706 744 1758 spotuit
780 1707 1000 1745 accedere?
1018 1698 1499 1747 1“Cum'v-teaobstiti'sse‘
1527 1700 1568 1743 et

238 1770 455 1825 reppulisse
474 1771 712 1820 dicis‚'certe
731 1772 838 1810 hunc
858 1770 1028 1810 voluisse
1052 1763 1272 1810 concediss
1307 1772 1427 1809 Potes
1453 1769 1568 1821 igitur
1589 1781 1627 1813 25

239 1838 371 1877 dicere
409 1849 490 1875 non
524 1837 561 1874 ei
594 1836 673 1874 vim
707 1836 825 1874 fuisse
860 1835 1146 1886 impedimento
1178 1834 1251 1883 cui,
1285 1848 1376 1873 curn
1408 1831 1569 1884 cuperet

239 1916 368 1953 eoque
388 1900 553 1940 consilio
574 1900 753 1948 venisset,
776 1915 845 1952 per
865 1902 1047 1940 homines
1068 1908 1227 1939 coactos
1247 1899 1397 1938 licitum
1419 1912 1500 1938 non
1520 1898 1569 1937 sit

285 2018 304 2038 2
328 2006 533 2037 debuissetis
555 2005 739 2043 (decuisset
758 2004 802 2046 οἳ)
820 2006 869 2035 c¹k
1010 2016 1029 2044 4
1055 2016 1140 2045 quae
1158 2004 1309 2044 periculo
1325 2004 1345 2034 k
1361 2014 1368 2035 z
1394 2003 1568 2044 quericulo

246 2051 292 2082 T:
316 2061 402 2090 quae
415 2049 554 2080 ridiculo
567 2050 656 2087 (red-
671 2050 699 2089 e)
712 2053 777 2080 cett.
870 2059 889 2088 5
913 2049 1068 2080 alicunde
1087 2048 1120 2089 T,
1135 2048 1325 2088 Naugerius
1339 2048 1388 2087 (1)
1405 2059 1412 2078 :
1436 2048 1570 2078 aliunde

240 2099 307 2125 cett.
409 2093 483 2134 aut]
501 2098 557 2123 aut
570 2093 681 2133 aliquo
698 2093 765 2123 cod.
781 2093 943 2123 Lambini
1084 2103 1120 2132 ¹3
1146 2092 1320 2132 pertenuis
1340 2091 1389 2122 Tz
1414 2091 1568 2131 pertenui

240 2142 305 2169 cett.
424 2147 461 2175 14
482 2138 532 2167 vis
553 2147 616 2167 om.
639 2137 668 2168 T
788 2145 826 2176 15
850 2137 1052 2177 perterritus
1070 2136 1179 2169 codd.:
1207 2146 1284 2167 corr.
1303 2136 1421 2166 Baiter
1531 2136 1571 2164 16

243 2192 307 2213 non
329 2182 429 2211 modo
448 2190 513 2211 om.
531 2180 563 2210 E
673 2181 711 2210 18
737 2181 931 2220 depugnare
955 2181 984 2211 T
1115 2191 1153 2220 19
1179 2181 1292 2219 caede,
1311 2179 1399 2220 sine]
1419 2179 1522 2209 caede
1545 2178 1575 2209 T

243 2224 448 2264 intellegitis,
477 2223 625 2255 statuitis
649 2224 683 2254 P
845 2234 886 2254 22
912 2225 1020 2255 habeo
1051 2223 1080 2254 T
1238 2234 1279 2262 23
1304 2224 1438 2254 tandem
1464 2222 1570 2252 noluit

241 2268 373 2299 PTEe:
409 2267 514 2299 noluit
540 2268 674 2298 tandem
702 2272 766 2299 cett.
916 2278 957 2307 25
983 2268 1173 2307 reppulisse
1201 2267 1331 2298 PTEe:
1370 2265 1569 2307 repudiasse

243 2313 468 2352 (repugnasse
486 2312 521 2352 k)
539 2315 605 2342 cett.
707 2317 803 2351 potes
821 2311 893 2343 Ek:
920 2316 996 2351 post
1018 2311 1048 2342 T
1058 2320 1065 2342 ε
1089 2316 1200 2351 potest
1216 2313 1281 2342 cett.
1432 2310 1474 2340 26
1498 2308 1567 2350 cui]

241 2356 296 2396 qui
314 2355 347 2386 P
478 2364 518 2395 27
543 2354 671 2387 licitum
688 2366 756 2387 non
774 2355 817 2387 sit
833 2354 943 2387 PTEe
959 2366 966 2387 :
991 2365 1058 2387 non
1076 2355 1121 2387 sit
1137 2354 1264 2386 licitum
1282 2357 1346 2386 ccli.
