1747 2620
178 89 205 126 9
231 94 269 127 25
600 79 656 117 M.
680 79 849 116 TVLL1
891 77 1198 117 CICERONIS

230 193 350 240 Quod
390 201 430 230 tu
467 191 497 229 si
532 191 708 230 audisses
742 198 809 229 aut
848 190 878 229 si
918 203 986 241 per
1019 196 1188 228 aetatem
1223 189 1320 228 scire
1354 189 1560 241 potuisses,

229 271 446 308 numquam
490 258 670 308 profecto
713 256 829 294 istam
874 254 1088 305 imaginem
1133 268 1236 305 quae
1279 255 1388 294 domi
1436 255 1562 305 posita

225 329 377 373 pestem
427 331 546 373 atque
594 321 771 361 exsilium
822 324 906 359 Sex.
955 320 1062 358 Titio
1111 320 1304 358 attulisset
1353 320 1394 358 in
1441 328 1563 358 rostra

224 395 342 438 atque
387 387 427 425 in
468 387 697 425 contionem
745 385 953 433 attulisses,
995 399 1069 424 nec
1113 393 1199 424 tuas
1248 398 1437 435 umquam
1473 384 1563 422 ratis

224 454 275 491 ad
311 466 378 491 cos
421 454 605 503 scopulos
648 451 865 502 appulisses
900 452 951 490 ad
984 464 1083 501 quos
1119 452 1202 489 Sex.
1246 449 1326 488 Titi
1364 449 1562 488 adflictam
1583 464 1601 495 5

224 532 364 557 navem
404 527 442 557 et
476 519 516 557 in
561 517 704 569 quibus
743 518 788 556 C.
829 516 996 555 Deciani
1035 515 1280 566 naufragium
1321 517 1562 554 fortunarum

223 583 385 623 videres.
446 585 524 623 Sed
557 583 597 622 in
639 584 698 621 his
741 583 857 621 rebus
894 581 1079 620 omnibus
1111 580 1375 632 imprudentia
1409 580 1561 619 laberis.

226 651 398 689 Causam
432 649 539 688 enim
575 648 780 699 suscepisti
822 647 1087 697 antiquiorem
1123 646 1312 685 memoria
1345 654 1421 693 tua,
1463 660 1564 696 quae

222 729 340 754 causa
367 723 458 754 ante
484 722 637 754 mortua
666 721 723 753 est
752 727 871 764 quam
900 720 941 751 tu
972 720 1086 750 natus
1112 726 1181 759 es3
1215 720 1252 750 et
1279 725 1355 761 qua
1382 712 1419 749 in
1445 725 1563 750 causa

223 789 304 819 tute
339 782 515 831 profecto
550 779 699 826 fuisses,
736 779 767 817 si
809 792 878 829 per
913 784 1082 816 aetatem
1117 790 1203 815 esse
1233 776 1438 827 potuisses,
1476 789 1562 815 eam
1587 792 1624 814 to

161 854 202 887 26
224 859 382 885 causam
400 846 438 884 in
461 845 650 884 iudicium
675 858 802 883 vocas.
864 846 929 881 An
951 856 1031 881 non
1057 842 1260 892 intellegis,
1278 841 1445 892 primum
1465 855 1563 891 quos

223 912 403 950 homines
443 920 480 950 et
512 910 637 961 qualis
673 910 776 949 viros
823 917 998 948 mortuos
1040 907 1184 947 summi
1225 907 1379 946 sceleris
1414 920 1562 957 arguaS,

220 977 366 1017 deinde
393 985 490 1028 quot
517 991 563 1016 ex
583 976 643 1014 his
674 976 741 1026 qui
767 974 904 1013 vivunt
937 975 1079 1013 eodem
1107 972 1270 1011 crimine
1299 972 1339 1010 in
1367 986 1564 1010 summum

221 1043 437 1093 periculum
468 1041 605 1092 capitis
633 1042 834 1080 arcessas?
893 1040 996 1078 Nam
1028 1039 1059 1077 si
1099 1040 1143 1078 C.
1175 1037 1358 1076 Rabirius
1388 1038 1565 1076 fraudem

221 1107 429 1157 capitalem
459 1106 617 1145 admisit
648 1107 757 1156 quod
795 1118 903 1143 arma
937 1111 1073 1142 contra
1104 1105 1148 1142 L.
1180 1102 1434 1141 Saturninum
1465 1102 1562 1149 tulit,
1590 1122 1623 1154 ¹5

222 1173 312 1211 huic
338 1173 499 1223 quidem
529 1173 679 1211 adferet
710 1170 882 1221 aliquam
919 1169 1238 1220 (leprecationem
1270 1168 1431 1219 periculi
1458 1176 1565 1206 aetas

222 1239 285 1276 illa
306 1252 383 1289 qua
413 1246 502 1276 tuin
526 1237 623 1285 suit,
662 1239 710 1286 Q.
743 1250 834 1275 vero
861 1236 1057 1283 Catulum,
1083 1243 1233 1286 patrem
1267 1234 1392 1280 huius,
1417 1234 1455 1271 in
1486 1247 1565 1284 quo

221 1318 375 1343 summa
406 1304 607 1354 sapientia,
642 1303 784 1342 eximia
829 1302 958 1349 virtus,
991 1301 1195 1352 singularis
1228 1300 1450 1339 humanitas
1480 1300 1567 1347 fuit,

223 1372 278 1408 M.
303 1372 503 1416 Scaurum,
527 1369 591 1407 illa
616 1369 812 1418 gravitate,
839 1368 906 1406 illo
934 1367 1110 1415 consilio,
1137 1366 1200 1405 illa
1224 1366 1442 1417 prudentia,
1465 1367 1564 1404 duos

222 1435 391 1482 Mucios,
425 1437 467 1473 L.
501 1436 697 1488 Crassum,
734 1436 790 1472 M.
826 1433 1058 1481 Antonium,
1087 1434 1154 1485 qui
1185 1443 1268 1473 tum
1297 1442 1402 1474 extra
1426 1435 1563 1472 urbem
1586 1447 1627 1470 20

220 1515 312 1539 cum
344 1500 539 1551 praesidio
570 1499 653 1547 fuit,
687 1512 856 1549 quorum
884 1499 923 1537 in
962 1500 1037 1538 hac
1067 1500 1222 1539 civitate
1252 1502 1367 1550 longe
1397 1499 1566 1537 maxima

221 1565 385 1604 consilia
413 1573 531 1616 atque
558 1564 715 1615 ingenia
744 1566 912 1611 fuerunt,
943 1572 1094 1604 ceteros
1133 1565 1212 1616 pari
1244 1565 1432 1615 dignitate
1461 1578 1567 1616 prae-

222 1632 325 1670 ditos
374 1632 558 1669 custodes
608 1631 970 1681 gubernatoresque
1024 1630 1077 1669 rei
1128 1631 1309 1681 publicae
1353 1644 1471 1680 quem
1515 1631 1565 1668 ad

163 1714 202 1749 ²7
226 1700 391 1737 modum
413 1705 588 1736 mortuos
617 1699 910 1736 defendemus?
973 1697 1082 1746 Quid
1104 1699 1154 1737 de
1176 1698 1248 1736 illis
1279 1696 1564 1736 honestissimis

224 1765 312 1802 viris
333 1771 452 1814 atque
474 1763 632 1813 optimis
657 1763 819 1810 civibus,
845 1762 1043 1813 equitibus
1070 1763 1271 1810 Romanis,
1298 1763 1474 1801 dicemus
1497 1762 1563 1812 qui
1587 1774 1624 1805 25

224 1838 307 1868 tum
342 1843 420 1867 una
454 1842 545 1866 cum
583 1836 721 1867 senatu
756 1831 921 1867 salutem
963 1828 1017 1867 rei
1057 1828 1238 1879 publicae
1275 1829 1566 1867 defenderunt?

224 1895 320 1945 quid
358 1896 408 1933 de
440 1894 605 1933 tribunis
639 1894 793 1933 aerariis
832 1902 1132 1944 ceterorumque
1168 1895 1351 1932 ordinum
1385 1892 1563 1931 omnium

224 1960 452 1999 hominibus
475 1960 541 2010 qui
574 1968 658 1999 tum
683 1974 790 1999 arma
812 1974 882 2010 pro
914 1959 1116 1998 communi
1143 1959 1320 1998 libertate
1349 1959 1566 2008 ceperunt?

158 2038 204 2064 10
226 2027 304 2065 Sed
325 2026 421 2076 quid
450 2040 522 2076 ego
553 2027 603 2065 de
633 2025 687 2064 eis
718 2025 903 2064 omnibus
928 2025 995 2075 qui
1024 2024 1218 2063 consulari
1247 2024 1411 2075 imperio
1433 2036 1566 2074 parue-

227 2099 314 2130 runt
338 2093 508 2142 loquor?
540 2092 589 2130 de
612 2091 786 2142 ipsorum
809 2092 1017 2129 consulum
1040 2091 1143 2128 fama
1168 2090 1262 2140 quid
1285 2091 1457 2128 futurum
1478 2090 1567 2127 est?
1586 2102 1624 2133 30

275 2207 295 2235 3
320 2197 456 2227 exitium
478 2196 557 2227 (0111'.
579 2195 674 2235 apud
688 2194 883 2225 Mammam
1061 2205 1078 2231 4
1106 2198 1196 2224 rates
1215 2192 1388 2223 Pillzoeus:
1416 2193 1566 2222 rationes

231 2240 320 2272 codd.
468 2251 488 2278 9
513 2250 548 2269 es
566 2244 600 2269 et
618 2238 757 2269 Mz'illcr:
783 2247 878 2268 esses
894 2236 983 2267 codd.
1000 2250 1004 2268 z
1032 2247 1069 2266 cs
1085 2236 1201 2266 Bastar
1356 2245 1393 2274 13
1417 2240 1498 2274 quot
1515 2235 1566 2266 (ἴε

232 2284 320 2323 quod
341 2286 438 2322 {quos
455 2284 487 2323 1))
509 2287 575 2313 cell.
693 2283 730 2311 16
755 2282 873 2312 afferet
888 2281 947 2320 hp:
981 2280 1118 2310 afferret
1138 2280 1250 2321 (affert
1267 2279 1305 2321 ψ)
1323 2283 1387 2309 cett.
1525 2288 1563 2308 21

235 2327 368 2357 maximi
386 2326 473 2356 Bake
607 2336 648 2364 30
673 2325 714 2356 de
732 2324 790 2355 dcl.
814 2323 1000 2354 Lambinus
