1747 2620
146 102 195 138 28
216 108 257 139 68
586 102 640 139 M.
674 102 841 138 TVLLI
875 101 1181 138 CICERONIS

216 221 292 261 aut,
320 213 349 252 si
377 215 426 252 ad
456 227 539 260 nos,
564 212 659 251 nihil
690 213 740 250 ad
770 213 845 250 hoc
876 219 1059 261 tempus3
1099 212 1168 249 sed
1196 218 1327 249 tamen
1354 210 1548 249 lubricum

216 293 339 329 genus
364 278 549 317 orationis
579 277 821 316 adulescenti
846 291 925 315 non
947 276 1085 315 acriter
1108 276 1346 325 intellegenti
1369 284 1406 314 et
1434 289 1550 325 saepe

154 352 195 394 69
217 357 413 394 praeceps,
475 345 615 393 Itaque
636 342 888 381 admissarius
905 342 988 385 iste,
1008 341 1123 379 simul
1140 350 1258 391 atque
1277 341 1426 379 audivit
1446 342 1551 378 volu-

215 417 362 460 ptatem
385 423 407 447 a
424 408 663 459 philosopho
686 415 796 446 tanto
817 421 935 457 opere
951 406 1111 454 laudari,
1127 406 1224 444 nihil
1245 406 1464 456 expiscatus
1480 413 1549 452 est,

214 475 269 513 sic
291 488 381 512 suos
405 487 542 512 sensus
565 473 803 524 voluptarios
826 472 955 511 omnis
976 471 1161 519 incitavit,
1181 471 1235 509 sic
1255 472 1306 509 ad
1327 470 1428 509 illius
1449 472 1551 508 hanc
1575 485 1586 491 ·

214 540 433 578 orationem
452 538 684 585 adhinnivit,
701 546 742 576 ut
761 551 839 576 non
856 537 1083 588 magistrum
1098 536 1249 575 virtutis
1267 537 1336 574 sed
1351 544 1550 574 auctorem

214 605 387 643 libidinis
420 618 443 643 a
467 618 507 642 se
536 604 645 642 illum
675 604 876 642 inventum
904 603 1163 641 arbitraretur.
1223 602 1398 640 Graecus
1425 602 1552 652 primo

213 670 452 719 distinguere
489 677 527 707 et
560 669 733 707 dividere
770 670 834 706 illa
870 682 989 718 quem
1020 669 1072 706 ad
1107 668 1272 705 modum
1307 667 1552 714 dicerentur3

215 736 286 774 iste
321 737 531 782 ‘claudus‚'
564 748 683 784 quem
718 735 769 772 ad
811 736 974 772 modum
1006 733 1126 779 aiunt,
1163 733 1348 783 ‘pilam'3
1387 732 1552 771 retinere

214 802 322 851 quod
344 808 558 850 acceperat,
579 799 786 847 testificari,
804 800 967 837 tabellas
989 798 1196 849 obsignare
1210 800 1318 844 velle,
1337 797 1550 847 Epicurum

214 866 358 904 diserte
390 866 520 904 dicere
551 865 783 904 existimare.
849 864 955 902 Dicit
986 872 1130 910 autem,
1155 863 1306 913 opinor,
1330 876 1371 901 se
1400 865 1550 901 nullum

215 933 364 969 bonum
406 932 629 981 intellegere
679 944 796 981 posse
842 930 1013 980 demptis
1059 929 1233 979 corporis
1272 929 1549 978 vvoluptatibus.

157 1012 195 1045 70
216 998 324 1047 Quid
372 999 525 1035 multa?
592 998 766 1035 Graecus
809 995 931 1034 facilis
972 1003 1010 1033 et
1050 996 1164 1033 valde
1202 1002 1389 1032 venustus
1437 994 1552 1032 nimis

217 1078 373 1115 pugnax
411 1071 547 1101 contra
586 1062 859 1112 imperatorem
902 1062 1037 1111 populi
1080 1061 1251 1097 Romani
1291 1073 1375 1097 esse
1414 1060 1550 1099 noluit.

143 1143 198 1180 29
220 1132 287 1167 Est
318 1136 450 1167 autem
482 1128 544 1173 hic
575 1129 625 1166 de
656 1141 736 1177 quo
767 1129 907 1177 loquor
939 1140 1018 1164 non
1050 1125 1298 1176 philosophia
1325 1126 1451 1163 solum
1483 1127 1551 1164 sed

217 1197 333 1233 ctiam
367 1194 506 1233 ceteris
537 1192 675 1232 studiis
705 1207 806 1242 quae
836 1194 913 1231 fere
944 1191 1159 1242 Epicureos
1189 1192 1392 1240 neglegere
1416 1191 1552 1230 dicunt

215 1260 458 1311 perpolitus,
489 1272 632 1309 poema
660 1272 775 1308 porro
804 1258 894 1296 facit
924 1257 975 1295 ita
1004 1256 1195 1302 festivum,
1220 1256 1273 1294 ita
1299 1256 1554 1297 concinnum,

216 1328 266 1364 ita
301 1327 468 1375 elegans,
504 1332 545 1362 ut
582 1323 677 1361 nihil
711 1323 791 1361 fieri
826 1322 949 1373 possit
984 1321 1168 1372 argutius.
1230 1322 1276 1359 In
1313 1334 1393 1370 quo
1430 1335 1554 1371 repre-

215 1392 362 1430 hendat
389 1404 479 1429 eum
508 1389 608 1435 licet,
635 1388 665 1426 si
694 1388 760 1439 qui
784 1390 899 1435 volet,
925 1388 1046 1426 modo
1068 1387 1213 1435 leviter,
1236 1400 1316 1425 non
1345 1394 1386 1425 ut
1414 1386 1554 1438 impro-

216 1458 322 1502 bum,
347 1470 426 1495 non
449 1463 490 1494 ut
511 1456 714 1502 audacem,
740 1467 819 1492 non
842 1462 884 1492 ut
914 1453 1122 1503 impurum,
1146 1454 1216 1491 sed
1237 1460 1278 1490 ut
1300 1453 1549 1500 Graeculum,

216 1530 256 1560 ut
295 1523 593 1566 adsentatorem‚
637 1528 678 1558 ut
714 1527 883 1570 poetam.
947 1518 1116 1557 Devenit
1151 1526 1283 1565 autem
1323 1532 1390 1556 seu
1423 1519 1553 1569 potius

217 1587 353 1625 incidit
384 1587 423 1624 in
455 1586 572 1624 istum
606 1587 747 1624 eodem
780 1586 969 1635 deceptus
1000 1584 1208 1634 supercilio
1234 1585 1407 1622 Graecus
1436 1593 1554 1635 atque

216 1654 368 1691 advena
403 1665 482 1702 quo
521 1660 579 1690 tot
619 1651 815 1701 sapientes
852 1658 890 1689 et
927 1658 1033 1688 tanta
1071 1650 1217 1688 civitas.
1278 1651 1479 1688 Revocare
1514 1665 1554 1688 se

217 1732 295 1756 non
325 1725 474 1767 poterat
503 1716 762 1755 familiaritate
800 1716 1021 1767 implicatus
1054 1723 1091 1754 et
1125 1715 1240 1753 simul
1268 1715 1553 1753 inconstantiae

217 1784 360 1820 famam
382 1783 596 1820 verebatur.
663 1783 851 1831 Rogatus,
880 1781 1074 1828 invitatus,
1100 1789 1260 1819 coactus
1286 1782 1337 1818 ita
1363 1782 1483 1818 multa
1503 1782 1553 1819 ad
1597 1798 1610 1827 ,-

218 1847 334 1885 istum
369 1848 419 1885 de
454 1847 540 1897 ipso
570 1860 730 1896 quoque
766 1846 917 1896 scripsit
952 1854 992 1884 ut
1030 1846 1158 1884 omnis
1194 1845 1390 1893 libidines,
1422 1845 1554 1883 omnia

261 1962 280 1981 2
313 1956 346 1982 et
377 1951 515 1984 Mz'illcr:
552 1960 601 1984 est
635 1953 683 1984 V:
720 1964 786 1985 om.
815 1957 880 1985 crit.
1049 1955 1070 1984 6
1094 1954 1280 1984 adhinnivit
1313 1952 1358 1983 V:
1392 1954 1554 1984 adhinniit

219 1995 385 2028 <adhibuit
404 1998 466 2036 χιι)
485 2000 550 2028 cett.
716 1998 735 2027 8
753 2002 786 2028 et
809 1997 857 2028 V:
881 2002 980 2036 atquc
998 2001 1062 2029 cett.
1207 2008 1227 2036 9
1244 2008 1342 2037 quem
1361 1998 1401 2027 ad
1420 1999 1552 2028 modum

225 2038 269 2069 V:
305 2050 370 2078 quo
398 2041 496 2071 modo
525 2045 590 2071 cell.
749 2051 781 2070 ¹1
819 2041 943 2071 diserte
970 2041 1038 2071 Ee:
1072 2041 1232 2071 disertum
1261 2045 1348 2072 ceth:
1385 2041 1553 2072 desertum

219 2081 359 2123 Madvig
422 2085 536 2115 dicere
553 2085 600 2115 V:
620 2085 805 2115 decernere
817 2088 881 2115 cell.
952 2085 1156 2115 existimare.
1198 2085 1287 2115 Dicit
1299 2090 1407 2115 autem
1420 2085 1551 2125 scrt'psi':

219 2132 408 2160 esttamen.
460 2129 549 2159 Dicit
567 2133 602 2158 ut
623 2128 669 2158 V:
696 2133 728 2158 et
745 2134 857 2158 tamen
877 2127 1002 2158 dictum
1020 2131 1087 2159 cell.
1183 2139 1221 2167 14
1247 2129 1481 2167 imperatorem
1503 2128 1553 2160 V:

219 2176 411 2202 senatorem
423 2176 487 2204 cett.
595 2173 632 2202 16
657 2173 779 2202 ceteris
791 2172 911 2202 studiis
925 2182 1008 2210 quae
1023 2171 1070 2201 V:
1098 2171 1217 2202 litteris
1229 2172 1318 2210 quod
1331 2175 1394 2203 cett.
1464 2172 1551 2213 scre]

218 2219 349 2246 ceteros
367 2215 443 2247 add.
465 2214 551 2246 codd.
573 2228 579 2246 z
604 2215 661 2246 del.
685 2214 789 2245 Orrllz‘
879 2216 916 2244 18
937 2221 972 2246 ut
992 2215 1073 2245 nihil
1097 2214 1185 2245 VM:
1211 2215 1294 2245 nihil
1314 2219 1421 2246 utcrtt.
1516 2226 1554 2253 19

218 2259 273 2296 qui
293 2261 391 2291 modo
415 2259 484 2289 vult
511 2258 543 2288 V
627 2269 669 2289 20
695 2269 760 2289 non
781 2263 816 2289 ut
844 2258 1010 2297 impurum
1035 2259 1085 2288 l11'c
1110 2259 1183 2289 hab,
1209 2258 1243 2296 V,
1261 2263 1335 2298 post
1351 2259 1470 2289 leviter
1486 2263 1550 2290 cett.

219 2311 256 2331 21
279 2309 389 2334 autem
408 2313 467 2333 seu
489 2301 539 2332 V:
565 2307 621 2333 aut
638 2306 704 2333 cett.
841 2311 880 2339 23
906 2307 955 2332 tot
974 2303 1144 2341 sapientes
1167 2302 1214 2332 V:
1250 2310 1316 2332 tam
1335 2303 1470 2341 sapiens
1487 2307 1550 2334 ceu.

225 2355 380 2377 revocare
393 2356 429 2376 se
446 2344 519 2376 VEe
535 2358 541 2377 ι
575 2356 612 2376 se
625 2356 783 2376 revocare
798 2349 860 2377 cels.
932 2346 974 2375 26
993 2346 1065 2385 ipso
1078 2344 1216 2376 Miiller:
1243 2346 1308 2375 isto
1321 2346 1408 2376 codd.
1473 2356 1553 2384 quo-

220 2397 286 2429 que
303 2390 350 2420 V:
376 2400 440 2420 om.
459 2394 523 2420 cett.
594 2390 703 2419 omnis
725 2389 772 2419 V:
796 2389 905 2419 omnis
924 2389 1069 2419 hominis
1084 2393 1147 2421 cell.
1241 2387 1351 2419 omnia
1371 2394 1485 2428 stupra
1507 2389 1552 2419 V:

217 2445 282 2465 om.
307 2437 372 2465 cell.

1572 495 1587 516 Ο

1574 813 1612 834 10

1575 1470 1614 1491 20
