1747 2620
187 71 240 101 12
589 66 646 103 M.
677 66 847 104 TVLLI
878 66 1186 106 CICERONIS

221 173 350 213 virtuti
382 183 501 226 atque
535 175 736 215 institutae
769 176 1062 216 adulescentiae
1095 177 1333 218 conveniret.
1394 178 1554 219 Etenim

220 254 310 279 curn
349 255 372 279 a
406 241 629 280 clarissimis
663 240 753 280 viris
787 241 1020 280 iustissimas
1053 241 1278 282 inimicitias
1311 258 1429 296 saepe
1462 258 1554 284 cum

221 305 324 345 bene
362 306 509 345 meritis
548 306 699 345 civibus
738 306 938 357 depositas
977 321 1064 346 esse
1101 307 1298 356 vidissem,
1340 323 1421 348 non
1467 324 1555 349 sum

220 371 428 410 arbitratus
463 386 705 422 quemquam
739 372 912 411 amicum
947 372 1001 410 rei
1035 372 1228 423 publicae,
1263 382 1401 425 postea
1434 388 1555 426 quam

222 437 264 474 L.
303 437 433 474 Flacci
467 450 578 475 amor
616 437 655 475 in
691 437 855 487 patriam
890 445 1118 488 perspectus
1157 446 1268 486 esset,
1305 453 1428 479 novas
1462 439 1592 486 huic5

183 517 200 547 3
219 499 442 540 inimicitias
496 503 604 540 nulla
653 509 816 552 accepta
866 501 1007 541 iniuria
1059 503 1393 543 denuntiaturum.
1476 506 1554 544 Sed

219 566 420 615 quoniam,
451 565 613 614 iudices,
646 568 769 605 multa
798 580 871 605 nos
902 575 940 606 et
973 566 1013 605 in
1047 567 1189 606 nostris
1221 568 1336 607 rebus
1371 577 1409 608 et
1443 569 1483 608 in
1514 584 1555 609 re

219 630 378 681 publica
407 631 637 678 fefellerunt,
661 632 820 670 ferimus
851 646 897 671 ea
924 646 1027 683 quae
1057 640 1147 671 sunt
1177 634 1362 682 ferenda,
1401 641 1554 673 tantum

219 711 243 736 a
279 696 391 735 vobis
430 696 600 747 petimus
638 704 682 736 ut
720 697 853 736 onmia
892 697 945 736 rei
984 697 1166 749 publicae
1204 698 1389 747 subsidia,
1426 707 1554 738 totum

219 770 364 801 statum
410 762 587 811 civitatis,
629 776 788 801 omnem
829 763 1060 802 memoriam
1106 771 1329 814 temporum
1375 766 1554 815 praeteri-
1576 781 1615 803 10

219 834 359 874 torum,
400 829 566 866 salutem
605 828 880 879 praesentium,
923 842 1035 878 spem
1072 830 1311 879 reliquorum
1351 831 1390 868 in
1428 838 1556 869 vestra

219 900 423 944 potestate,
448 892 487 931 in
509 895 646 932 vestris
675 893 890 940 sententiis,
922 894 961 931 in
992 895 1069 932 hoc
1097 907 1179 932 uno
1209 893 1356 934 iudicio
1385 895 1554 945 positam

220 972 305 997 esse
330 966 367 996 et
388 959 556 996 defixam
578 959 734 1008 putetis.
794 960 833 998 Si
855 973 1044 1009 umquam
1066 973 1125 998 res
1153 959 1312 1010 publica
1332 961 1552 1009 consilium,

219 1023 458 1074 gravitatem,
492 1023 736 1074 sapientiam,
774 1024 1062 1074 providentiam
1101 1024 1279 1064 iudicum
1319 1025 1551 1077 imploravit,

174 1098 200 1126 2
219 1091 306 1137 hoc,
329 1091 406 1128 hoc
427 1089 600 1140 inquam,
616 1097 793 1139 tempore
814 1090 1007 1140 implorat.
1059 1092 1153 1129 Non
1169 1091 1261 1129 estis
1282 1092 1332 1130 de
1354 1093 1554 1141 Lydorum
1579 1108 1613 1140 15

218 1163 285 1194 aut
314 1158 519 1205 Mysorum
546 1163 613 1193 aut
641 1156 851 1205 Phrygum,
875 1157 941 1206 qui
970 1157 1048 1194 huc
1073 1156 1267 1206 compulsi
1288 1156 1555 1207 concitatique

217 1228 418 1268 venerunt,
452 1221 522 1259 sed
553 1222 603 1259 de
633 1227 759 1258 vestra
790 1235 830 1259 re
864 1220 1023 1270 publica
1052 1220 1271 1268 iudicaturi,
1303 1223 1354 1260 de
1388 1221 1554 1262 civitatis

218 1293 332 1334 statu,
356 1287 406 1325 de
427 1284 628 1324 communi
651 1287 786 1332 salute,
810 1287 860 1324 de
888 1299 957 1335 spe
985 1286 1181 1324 bonorum
1203 1286 1393 1335 omnium,
1417 1287 1447 1326 si
1476 1302 1554 1339 qua

218 1352 368 1401 reliqua
397 1358 454 1389 est
482 1350 599 1389 etiam
628 1364 733 1389 nunc
759 1364 861 1400 quae
881 1350 1040 1389 fortium
1069 1350 1213 1390 civium
1241 1354 1383 1392 mentis
1412 1353 1554 1404 cogita-

218 1416 425 1465 tionesque
447 1423 664 1464 sustentet3
691 1415 827 1454 omnia
846 1415 922 1455 alia
942 1418 1117 1467 perfugia
1132 1417 1342 1466 bonorum,
1359 1419 1554 1469 praesidia
1575 1433 1615 1455 20

217 1481 503 1529 innocentium,
535 1480 710 1519 subsidia
743 1481 798 1520 rei
838 1481 1031 1531 publicae,
1073 1482 1246 1532 consilia,
1282 1483 1434 1531 auxilia,
1471 1484 1554 1524 iura

178 1546 454 1597 4ceciderunt.
515 1547 646 1595 Quem
682 1546 788 1584 enim
822 1549 1030 1598 appellem,
1065 1562 1183 1598 quem
1219 1549 1401 1597 obtester‚
1434 1563 1552 1600 quem

217 1611 454 1662 implorem?
493 1612 767 1650 Senatumne?
814 1614 868 1650 At
897 1611 928 1650 is
959 1612 1043 1662 ipse
1063 1613 1249 1652 auxilium
1272 1614 1368 1664 petit
1395 1628 1418 1653 a
1441 1615 1553 1654 vobis

218 1684 256 1716 et
290 1676 630 1715 confirmationem
666 1676 909 1715 auctoritatis
946 1692 1039 1717 suae
1071 1687 1220 1718 vestrae
1256 1680 1440 1730 potestati
1472 1694 1553 1730 per-

219 1741 377 1779 missam
417 1755 501 1779 esse
540 1740 667 1779 sentit.
739 1743 804 1779 An
840 1742 991 1792 equites
1034 1745 1270 1783 Romanos?
1320 1744 1552 1783 Indicabitis
1575 1759 1612 1791 25

218 1806 413 1857 principes
453 1806 535 1845 eius
574 1806 722 1845 ordinis
763 1807 1049 1858 quinquaginta
1095 1810 1190 1859 quid
1237 1823 1327 1847 cum
1367 1809 1551 1848 omnibus

218 1871 424 1910 senseritis.
476 1873 538 1909 An
562 1873 753 1922 populum
777 1874 1003 1911 Romanum
1022 1875 1038 1911 ?
1082 1876 1134 1912 At
1156 1876 1186 1912 is
1207 1876 1368 1924 quidem
1391 1888 1551 1913 omnem

218 1951 329 1975 suam
360 1939 409 1975 de
440 1937 554 1975 nobis
584 1945 821 1987 potestatem
855 1938 1014 1977 tradidit
1047 1939 1169 1978 vobis.
1231 1942 1361 1989 Quam
1388 1940 1439 1978 ob
1469 1954 1550 1979 rem

218 2001 292 2039 nisi
329 2002 406 2039 hoc
445 2003 544 2049 loco,
581 2001 655 2039 nisi
690 2003 797 2052 apud
832 2016 911 2048 vos,
947 2003 1021 2041 nisi
1057 2018 1124 2053 per
1158 2018 1238 2051 vos,
1276 2004 1436 2051 iudices,
1471 2019 1550 2043 non

266 2117 277 2136 1
306 2106 460 2137 instituto
478 2105 543 2137 cod.
565 2107 688 2137 Fam-m·
798 2108 817 2137 8
842 2107 986 2147 tantum]
1007 2112 1118 2137 tamen
1140 2107 1241 2146 l>¹><25
1345 2119 1383 2139 10
1407 2109 1550 2140 civitatis

219 2161 283 2181 om.
304 2150 358 2179 §ln
455 2161 490 2188 14
516 2151 728 2189 prudentiam
749 2150 825 2189 χῖεε
856 2150 1060 2186 0111.Scl10l.‚
1081 2161 1097 2180 s
1165 2151 1321 2182 iudicium
1343 2152 1430 2183 2¹l1¹c
1514 2163 1550 2191 15

220 2195 294 2231 lioc,
315 2195 378 2223 hoc
396 2194 500 2224 Sclml.
519 2205 524 2223 z
551 2195 612 2224 hoc
631 2194 719 2224 codd.
788 2196 826 2224 16
851 2194 1032 2233 compulsi]
1051 2195 1194 2234 corrupti
1213 2195 1320 2226 Sclzol.
1396 2206 1436 2225 22
1461 2196 1549 2226 enim

220 2237 348 2268 SclmL:
368 2238 456 2267 enim
472 2237 573 2267 alium
584 2237 670 2268 codd.
751 2248 791 2275 24
817 2238 1026 2268 commissam
1040 2237 1095 2277 Βχ
1186 2248 1226 2277 25
1251 2239 1410 2269 sentiat}
1467 2239 1549 2269 indi-

222 2280 338 2310 cabitis
355 2281 488 2320 scripsi:
516 2281 706 2311 iudicabitis
723 2280 811 2311 codd.
832 2281 885 2320 (cs.
908 2284 922 2318 ξ
947 2282 1022 2319 ιο5“ῑΑ
1195 2283 1236 2311 26
1259 2281 1356 2322 quid]
1375 2283 1465 2321 quod
1483 2281 1548 2314 coa'.

224 2319 381 2353 Torrentii
468 2325 509 2354 28
533 2324 628 2354 nobis
647 2325 820 2354 Faernus:
847 2324 945 2355 bonis
964 2324 1051 2355 codd.
1145 2326 1248 2355 tradit
1266 2329 1288 2356 Σ
