1716 2662
121 445 138 477 ‘11

103 773 139 795 10

102 1430 140 1451 20

475 61 585 99 PRO
616 61 659 100 C.
694 61 934 99 RABIRIO
965 60 1183 99 ORATIO
1467 70 1492 98 2
1511 73 1529 107 5

163 173 474 213 conservandam
496 179 534 210 et
553 173 604 211 ad
627 185 707 210 rem
734 171 934 222 publicam
957 170 1275 210 constituendam
1307 170 1494 210 inluxisse

161 238 366 289 patiantur.
428 237 586 276 Deinde
611 251 690 284 vos,
716 236 901 286 Quirites,
925 250 1093 287 quorum
1121 244 1293 287 potestas
1319 236 1495 287 proxime

159 304 211 342 ad
231 304 395 342 deorum
421 302 701 341 immortalium
722 316 871 340 numen
896 301 1059 349 accedit,
1083 315 1152 340 oro
1172 309 1291 351 atque
1317 302 1493 349 Obsecro,

160 368 348 418 quoniam
384 381 465 406 uno
499 375 675 418 tempore
707 367 786 406 vita
820 369 864 407 C.
904 366 1051 414 Rabiri,
1086 366 1257 405 hominis
1290 366 1494 406 miserrimi

159 440 277 483 atque
316 432 642 480 innocentissimi,
682 434 784 471 salus
826 432 880 471 rei
920 432 1101 483 publicae
1136 431 1272 471 vestris
1312 431 1493 470 manibus

160 498 428 549 suffragiisque
468 498 713 549 permittitur,
759 497 980 537 adhibeatis
1025 497 1066 536 in
1109 497 1281 536 hominis
1329 497 1493 536 fortunis

161 563 481 613 misericordiam,
521 564 560 602 in
600 563 653 602 rei
702 562 885 614 publicae
929 564 1054 602 salute
1102 562 1334 613 sapientiam
1374 576 1492 613 quam

159 629 301 668 soletis.

214 696 333 733 Nunc
368 694 565 745 quoniam,
599 696 645 732 T.
680 693 867 741 Labiene,
903 693 1128 745 diligentiae
1164 707 1275 732 meae
1310 692 1497 743 temporis
1519 698 1537 728 6

158 760 346 810 angustiis
368 759 553 799 obstitisti
583 773 726 809 meque
749 773 795 798 ex
818 767 1047 810 comparato
1077 766 1114 797 et
1136 759 1351 798 constituto
1372 759 1498 809 spatio

159 825 399 864 defensionis
435 825 473 863 in
509 825 728 864 semihorae
764 824 971 864 articulum
1007 824 1180 874 coegisti,
1215 824 1413 875 parebitur
1447 830 1496 871 et,

160 891 270 940 quod
307 889 596 940 iniquissimum
636 898 704 937 est,
748 890 986 928 accusatoris
1033 889 1259 929 condicioni
1299 896 1347 937 et,
1389 890 1498 939 quod

162 955 431 1002 miserrimum,
469 955 616 994 inimici
652 957 846 1005 potestati.
921 957 1176 1005 Quamquam
1213 954 1252 993 in
1287 956 1362 993 hac
1392 968 1498 1005 prae-

160 1020 372 1072 scriptione
398 1021 616 1059 semihorae
644 1020 797 1071 patroni
830 1021 925 1059 mihi
954 1020 1072 1072 partis
1103 1019 1301 1071 reliquisti,
1324 1019 1497 1059 consulis

160 1086 351 1132 ademisti,
384 1094 589 1136 propterea
619 1087 729 1136 quod
759 1087 810 1125 ad
845 1087 1142 1125 defendendum
1175 1099 1297 1136 prope
1331 1086 1496 1124 modum

161 1151 252 1190 satis
273 1150 343 1190 erit
365 1152 441 1190 hoc
463 1150 559 1189 mihi
585 1151 783 1202 temporis,
808 1153 859 1190 ad
887 1152 1211 1202 conquerendum
1233 1164 1324 1189 vero
1344 1164 1493 1201 parum.

161 1215 247 1255 Nisi
286 1217 384 1255 forte
424 1217 474 1255 de
513 1216 609 1255 locis
650 1216 838 1267 religiosis
880 1231 926 1255 ac
966 1218 1016 1255 de
1056 1215 1152 1255 lucis
1192 1229 1292 1266 quos
1329 1215 1380 1254 ab
1420 1216 1534 1266 hoc7

160 1281 324 1320 violatos
373 1296 458 1321 esse
497 1281 626 1321 dixisti
667 1282 843 1332 pluribus
887 1281 1015 1321 verbis
1060 1281 1130 1321 tibi
1173 1282 1495 1332 respondendum

160 1354 297 1396 putas;
331 1361 411 1398 quo
442 1346 481 1385 in
516 1346 679 1386 crimine
714 1347 811 1385 nihil
849 1354 907 1386 est
941 1361 1130 1397 umquam
1161 1347 1232 1386 abs
1262 1354 1300 1385 te
1330 1346 1492 1393 dictum,

161 1411 233 1450 nisi
263 1426 286 1450 a
307 1413 350 1452 C.
380 1414 517 1450 Macro
547 1412 748 1451 obiectum
782 1426 867 1451 esse
899 1412 1046 1451 crimen
1076 1411 1116 1451 id
1144 1413 1188 1451 C.
1213 1410 1386 1450 Rabirio.
1447 1413 1494 1449 In

161 1491 241 1528 quo
273 1491 345 1528 ego
375 1477 545 1516 demiror
577 1477 806 1516 meminisse
840 1485 877 1516 te
908 1477 1004 1528 quid
1037 1476 1224 1516 obiecerit
1253 1478 1298 1516 C.
1330 1475 1494 1515 Rabirio

162 1544 297 1581 Macer
327 1542 518 1590 inimicus,
548 1542 714 1581 oblitum
749 1557 834 1582 esse
865 1543 961 1593 quid
991 1542 1105 1592 aequi
1136 1549 1173 1581 et
1202 1541 1315 1580 iurati
1345 1540 1494 1580 iudices

160 1607 379 1646 iudicarint.
436 1609 500 1646 An
531 1609 580 1647 de
612 1610 795 1659 peculatu
825 1611 928 1648 facto
949 1616 1015 1647 aut
1042 1609 1092 1647 de
1113 1606 1304 1646 tabulario
1331 1606 1493 1645 incenso

160 1675 275 1723 longa
302 1673 425 1712 oratio
457 1680 514 1712 est
551 1676 847 1725 expromenda?
886 1688 965 1724 quo
993 1673 1032 1712 in
1059 1671 1221 1712 crimine
1248 1671 1492 1723 propinquus

161 1739 205 1778 C.
231 1738 364 1777 Rabiri
392 1738 538 1778 iudicio
561 1739 786 1787 clarissimo,
817 1742 861 1780 C.
888 1739 1057 1786 Curtius,
1081 1752 1152 1789 pro
1178 1737 1318 1776 virtute
1339 1750 1408 1776 sua
1434 1744 1494 1777 est

160 1803 434 1843 honestissime
466 1804 661 1852 liberatus,
704 1805 788 1855 ipse
824 1819 914 1844 vero
950 1804 1134 1844 Rabirius
1172 1817 1253 1843 non
1292 1804 1413 1842 modo
1452 1802 1492 1841 in

160 1868 349 1908 iudicium
376 1871 517 1908 horum
542 1870 762 1918 criminum,
794 1872 864 1910 sed
892 1885 941 1909 ne
968 1870 1008 1909 in
1036 1868 1304 1909 tenuissimam
1329 1867 1491 1919 quidem

160 1933 425 1985 suspicionem
459 1935 580 1973 verbo
618 1943 677 1974 est
710 1949 899 1986 umquam
931 1942 1104 1975 vocatus.
1161 1936 1227 1973 An
1260 1935 1311 1974 de
1350 1932 1491 1972 sororis

1513 1589 1537 1626 3

1513 1640 1532 1670 8

205 2053 223 2081 4
247 2041 331 2083 vita]
351 2048 384 2074 et
401 2044 468 2074 vita
486 2043 506 2074 le
661 2053 680 2083 5
705 2043 810 2084 salus]
827 2048 860 2075 et
876 2041 966 2074 salus
982 2042 1003 2074 k
1162 2052 1198 2073 11
1225 2041 1434 2082 semihorae]
1452 2051 1490 2072 se

162 2087 322 2117 maiorem
349 2089 374 2117 Ω
395 2087 454 2126 (ita
471 2098 499 2118 v.
524 2097 560 2125 14
578 2087 737 2124 Opb¹mo)
893 2086 1070 2118 articulum
1096 2088 1121 2117 Ω
1151 2086 1202 2126 (cf.
1223 2085 1353 2125 Qm'nct.
1375 2089 1388 2123 ξ
1412 2084 1465 2124 19)
1483 2096 1490 2116 :

162 2130 361 2161 curriculum
378 2130 552 2170 (circulum
565 2142 615 2169 ps,
631 2131 677 2162 ed.
695 2130 740 2170 V)
754 2134 818 2162 cell.
912 2132 950 2161 16
968 2130 1237 2170 conquirendum
1249 2128 1351 2169 [ἥδεθ-
1408 2138 1490 2159 vero

162 2184 278 2213 parum
295 2174 357 2215 Ιψψ
373 2185 380 2205 :
404 2184 520 2205 verum
539 2184 654 2214 parum
674 2174 758 2213 (om.
777 2184 893 2215 parum
913 2173 968 2215 52¹)
986 2177 1048 2204 cett.
1162 2184 1203 2203 20
1226 2172 1396 2203 obiectum
1414 2181 1490 2202 esse

161 2220 202 2258 ψε
228 2217 391 2249 obicietur
406 2228 482 2250 esse
500 2221 549 2249 Ωτ
572 2218 736 2250 obiectum
756 2224 845 2249 essct
862 2221 927 2249 cett.
1060 2226 1098 2248 21
1125 2215 1304 2257 obiecerit]
1325 2215 1491 2255 oblegarit

163 2261 251 2302 (Aig-
262 2262 303 2302 ρ)
322 2261 426 2302 ΩῙμρε
558 2273 599 2293 22
623 2273 728 2302 aeque
745 2262 831 2294 codcl.
847 2274 853 2294 :
879 2273 958 2293 corr.
977 2261 1142 2302 Angelius
1260 2270 1302 2301 23
1325 2259 1398 2302 aut]
1415 2258 1490 2291 anb

162 2315 201 2343 :24
227 2305 449 2346 exprimenda
467 2304 556 2337 codd.
574 2318 579 2336 :
606 2317 685 2337 corr.
704 2305 881 2337 Manutius
1012 2315 1053 2344 25
1078 2304 1199 2337 Curius
1217 2304 1248 2335 ὁ]
