1716 2662
444 87 554 127 PRO
586 88 630 125 L.
662 86 879 126 FLACCO
910 86 1126 126 ORATIO
1403 95 1446 123 12

120 197 280 249 regione
299 206 418 249 atque
437 198 638 249 provincia
657 211 759 250 quae
780 197 875 236 mari
896 198 1037 246 cincta,
1054 197 1231 249 portibus
1252 196 1447 243 distincta,

121 261 258 302 insulis
289 264 532 303 circumdata
570 271 682 312 esset,
727 273 809 302 non
850 265 976 302 solum
1016 262 1184 314 praesidi
1223 264 1294 302 sed
1331 262 1448 302 etiam

121 327 287 368 ornandi
308 328 444 380 imperi
466 343 584 369 causa
608 328 873 380 navigandum
894 328 1023 367 fuisse.
1084 330 1199 367 Haec
1226 327 1331 367 enim
1352 327 1450 367 ratio

121 408 168 433 ac
192 393 424 445 magnitudo
450 394 673 434 animorum
700 394 739 432 in
769 393 982 433 maioribus
1011 393 1152 432 nostris
1184 393 1254 432 fuit
1282 400 1335 441 ut,
1359 407 1449 432 cum

87 473 103 505 5
123 458 162 498 in
182 459 341 509 privatis
361 460 476 499 rebus
497 460 656 511 suisque
678 460 900 510 sumptibus
927 458 1091 498 mininio
1112 459 1287 498 contenti
1310 459 1452 498 tenuis-

123 524 224 563 simo
251 527 358 563 cultu
386 524 570 573 viverent,
597 525 637 564 in
666 524 831 576 imperio
858 533 977 576 atque
1008 525 1047 563 in
1077 524 1236 576 publica
1262 525 1452 575 dignitate

123 589 257 628 omnia
289 592 340 629 ad
377 591 539 641 gloriam
579 592 912 641 splendoremque
945 598 1183 629 revocarent.
1243 590 1454 639 Quaeritur

123 655 228 694 enim
262 655 300 694 in
330 670 370 694 re
400 656 618 695 domestica
646 656 914 695 continentiae
948 657 1043 704 laus,
1075 656 1115 695 in
1144 655 1303 707 publica
1332 656 1455 706 digni-

124 721 224 759 tatis.
295 722 415 770 Quod
449 721 479 759 si
505 720 623 760 etiam
654 721 822 772 praesidi
848 736 966 760 causa
995 723 1160 761 classem
1188 721 1336 769 habuit,
1366 721 1453 772 quis

68 801 106 825 10
124 785 195 825 erit
211 794 290 824 tam
312 786 468 837 iniquus
489 786 556 837 qui
577 788 867 837 reprehendat?
927 787 1057 826 ‘Nulli
1079 795 1188 826 erant
1208 788 1453 838 praedones.'

125 851 264 900 Quid?
292 853 420 890 nullos
443 853 522 890 fore
543 851 629 902 quis
650 860 844 903 praestare
864 855 1045 904 poterat?
1092 855 1102 873 ‘
1118 852 1292 900 Minuis,’
1313 852 1450 903 inquit,

127 915 310 965 ‘gloriam
343 916 531 967 Pompei.’
589 918 721 956 Immo
745 925 785 955 tu
813 931 932 968 auges
960 917 1193 957 molestiam.
1254 920 1325 957 Ille
1346 918 1450 956 enirn

123 980 257 1020 classis
278 982 533 1031 praedonum,
556 981 673 1029 urbis,
696 990 841 1033 portus,
864 984 1110 1033 receptacula
1124 983 1290 1031 sustulit,
1315 997 1452 1034 pacem

125 1045 358 1085 maritimam
389 1060 543 1085 summa
571 1047 711 1086 virtute
740 1055 858 1098 atque
887 1047 1106 1087 incredibili
1137 1048 1334 1087 celeritate
1364 1063 1455 1087 con-

70 1124 105 1156 15
124 1111 241 1159 fecit3
277 1110 373 1150 illud
407 1126 498 1151 vero
537 1127 666 1163 neque
704 1113 876 1163 suscepit
915 1128 1044 1164 neque
1084 1113 1281 1164 suscipere
1315 1113 1454 1153 debuit

125 1185 179 1225 ut,
218 1176 249 1216 si
289 1191 366 1228 qua
405 1177 557 1228 uspiam
596 1178 776 1217 navicula
814 1180 1059 1229 praedonum
1099 1179 1353 1230 apparuisset,
1394 1193 1454 1218 ac-

125 1244 324 1282 cusandus
348 1243 553 1283 videretur.
613 1245 752 1294 Itaque
782 1243 865 1295 ipse
893 1244 931 1283 in
964 1244 1068 1292 Asia,
1092 1259 1182 1283 cum
1213 1244 1347 1283 omnia
1377 1245 1453 1283 iam

127 1308 230 1347 bella
256 1316 355 1347 terra
384 1308 560 1359 marique
587 1308 832 1357 confecisset,
865 1311 1030 1348 classem
1058 1317 1189 1348 tamen
1220 1309 1345 1348 isdem
1373 1309 1455 1348 istis

127 1373 350 1412 civitatibus
378 1373 593 1425 imperavit.
652 1375 774 1423 Quod
801 1373 831 1412 si
857 1382 939 1413 tum
966 1374 1100 1413 statuit
1124 1389 1223 1426 opus
1252 1389 1337 1414 esse
1364 1389 1454 1414 cum

69 1454 111 1477 20
129 1438 249 1489 ipsius
271 1439 484 1489 praesentis
505 1439 666 1478 nomine
687 1446 770 1477 tuta
790 1438 923 1478 omnia
943 1447 981 1478 et
1002 1447 1140 1490 pacata
1159 1453 1243 1478 esse
1264 1447 1455 1491 poterant,

128 1503 236 1554 quid,
259 1518 347 1542 cum
377 1504 440 1543 ille
460 1503 703 1551 decessisset,
728 1505 869 1543 Flacco
894 1503 1120 1543 existimatis
1141 1506 1391 1544 statuendum
1418 1514 1456 1542 et

129 1569 352 1608 faciendum
392 1569 539 1608 fuisse?
597 1569 735 1618 Quid?
778 1583 850 1608 nos
884 1569 948 1608 hic
980 1583 1113 1609 nonne
1144 1570 1229 1620 ipso
1264 1569 1457 1620 Pompeio

129 1643 288 1674 auctore
318 1635 450 1674 Silano
474 1643 512 1674 et
534 1637 703 1673 Murena
728 1634 957 1673 consulibus
985 1635 1229 1673 decrevimus
1255 1643 1296 1674 ut
1323 1634 1457 1674 classis

131 1699 170 1739 in
193 1700 307 1739 Italia
332 1700 559 1751 navigaret?
588 1713 722 1738 nonne
742 1712 791 1738 eo
811 1698 897 1750 ipso
918 1706 1095 1751 tempore
1115 1713 1205 1738 cum
1229 1701 1270 1738 L.
1295 1701 1458 1738 Flaccus

71 1777 110 1810 25
133 1764 172 1803 in
208 1765 302 1804 Asia
335 1765 500 1817 remiges
532 1765 760 1816 imperabat,
792 1778 865 1803 nos
899 1764 963 1803 hic
997 1764 1036 1803 in
1067 1776 1173 1804 mare
1201 1778 1385 1816 superum
1403 1772 1460 1805 v‘et

131 1830 297 1869 inferum
319 1831 538 1870 sestertium
559 1839 616 1869 ter
636 1839 674 1869 et
695 1830 954 1880 quadragiens
979 1831 1265 1880 erogabamus?
1322 1830 1460 1879 Quid?

131 1904 288 1945 postero
314 1910 420 1935 anno
445 1910 578 1935 nonne
610 1898 665 1934 M.
697 1895 834 1935 Curtio
861 1903 899 1934 et
928 1898 968 1933 P.
996 1896 1156 1934 Sextilio
1185 1895 1459 1946 quaestoribus

131 1960 298 2011 pecunia
319 1961 356 1999 in
378 1963 542 2000 classem
564 1968 622 1999 est
646 1963 831 2011 erogata?
888 1960 1027 2009 Quid?
1056 1961 1132 1999 hoc
1152 1960 1262 1999 omni
1282 1968 1460 2011 tempore

130 2024 282 2075 equites
310 2025 348 2063 in
373 2039 440 2064 ora
462 2025 653 2064 maritima
681 2039 761 2064 non
789 2026 974 2064 suerunt?
1032 2027 1104 2064 Illa
1131 2025 1236 2064 enim
1258 2034 1315 2064 est
1339 2024 1460 2075 gloria

180 2146 191 2166 1
220 2136 381 2175 portubus
398 2134 447 2165 c²k
612 2137 632 2165 6
656 2135 763 2176 cultu]
783 2141 916 2175 sumptu
933 2136 990 2176 Βχ
1111 2141 1208 2176 atquc
1228 2136 1277 2177 in]
1298 2140 1399 2175 atque
1417 2134 1461 2165 :k

134 2182 248 2219 (atque
282 2179 312 2209 in
351 2189 387 2208 re
421 2189 452 2218 p.
487 2178 527 2209 ad
562 2179 755 2217 dignitatem
795 2180 906 2210 omnia
947 2180 1231 2220 splendoremque
1264 2183 1461 2210 revocarent

134 2221 287 2263 Aladvrjg)
421 2232 462 2261 23
487 2222 619 2262 syllano
640 2222 733 2260 (sill-‘2
753 2222 839 2252 codd.
859 2234 865 2252 :
891 2234 968 2253 corr.
988 2224 1164 2255 Alanutt‘us
1265 2234 1302 2261 24
1332 2221 1459 2253 Italiam

133 2265 166 2295 Β
276 2267 317 2296 26
342 2265 542 2304 rogabamus
561 2265 647 2296 codd.
668 2276 675 2296 :
699 2276 777 2295 corr.
792 2265 970 2297 Manutius
1088 2278 1128 2307 27
1153 2272 1292 2307 postero
1311 2266 1392 2306 Lag.
1412 2275 1460 2304 13,

107 2347 110 2350 y
133 2307 325 2350 Naugerius
343 2310 392 2350 (2)
410 2319 417 2339 :
442 2315 613 2349 postremo
634 2309 761 2349 <priore
783 2308 828 2350 bl)
847 2313 911 2342 cett.
1006 2310 1166 2343 Sestullio
1183 2315 1206 2342 Σ
1346 2319 1387 2349 29
1410 2313 1462 2341 est

133 2362 223 2384 emm
240 2363 282 2394 χι·

1469 97 1505 132 ²7

1473 333 1511 364 28

1474 930 1513 963 29

1475 1547 1517 1583 13

1476 1608 1518 1639 30
