1747 2620
149 68 201 105 33
222 67 264 107 98
593 62 649 98 M.
681 61 849 99 TVLLI
881 60 1187 100 CICERONIS

161 176 202 218 98
279 172 423 222 Quaeri
453 174 529 212 hoc
557 174 680 212 solere
710 186 771 211 me
802 186 882 210 non
914 171 1195 223 praeterit—ut
1222 186 1268 210 ex
1289 185 1352 211 me
1379 185 1424 211 ea
1454 185 1554 223 quae

224 236 293 276 tibi
334 237 373 276 in
413 244 589 276 mentem
630 251 709 276 non
743 236 907 276 veniunt
941 236 1256 287 audias—quem
1290 237 1341 276 ad
1376 237 1552 284 modum,

221 302 252 340 si
280 302 415 341 civitas
435 302 557 341 adimi
585 316 665 341 non
693 302 826 352 possit,
850 301 890 340 in
914 301 1090 340 colonias
1111 301 1271 340 Latinas
1292 316 1408 353 saepe
1433 302 1554 341 nostri

221 367 325 406 cives
356 367 519 418 profecti
543 367 628 405 sint.
690 370 770 405 Aut
796 381 866 406 sua
885 369 1087 406 voluntate
1109 375 1176 406 aut
1206 367 1300 418 legis
1321 369 1444 407 multa
1470 382 1555 418 pro-

222 433 311 471 fecti
341 441 456 480 sunt;
491 446 609 483 quam
641 434 805 471 multam
836 432 866 471 si
898 434 1056 471 sufferre
1077 432 1302 480 voluissent,
1328 447 1484 472 manere
1514 433 1552 471 in
1574 443 1592 476 5

148 508 201 545 34
220 497 376 536 civitate
411 497 642 548 potuissent.
705 499 843 546 Quid?
887 511 1004 548 quem
1045 505 1154 548 pater
1192 506 1365 548 patratus
1401 498 1553 537 dedidit

219 571 286 601 aut
325 577 418 602 suus
459 571 567 614 pater
611 565 830 614 populusve
869 562 1057 609 vendidit,
1100 577 1180 613 quo
1220 563 1251 601 is
1291 564 1372 602 iure
1411 563 1553 603 amittit

220 628 449 668 civitatem?
508 630 559 666 Vt
599 628 787 678 religione
826 628 961 667 civitas
1001 629 1171 667 solvatur
1212 628 1305 666 civis
1346 630 1552 667 Romanus

219 693 399 735 deditur:
448 693 514 744 qui
555 707 644 732 cum
685 702 741 732 est
785 701 982 743 acceptus,
1024 701 1081 731 est
1125 707 1262 732 eorum
1306 693 1449 744 quibus
1493 703 1551 733 est

218 758 376 797 deditus
396 774 402 799 :
431 758 461 796 si
483 772 563 796 non
588 757 798 808 accipiunt,
823 764 867 796 tlt
886 759 1120 796 Mancinum
1143 758 1388 805 Numantini,
1412 758 1551 798 retinet
1575 771 1612 794 10

219 822 408 873 integram
441 837 600 861 causam
635 830 673 861 et
705 822 763 860 ius
799 822 974 861 civitatis.
1035 823 1074 861 Si
1109 831 1219 873 pater
1251 823 1428 863 vendidit
1460 838 1550 862 eum

219 901 337 937 quem
359 887 397 925 in
429 901 539 926 suam
562 895 798 938 potestatem
824 895 1059 938 susceperat,
1083 902 1130 926 ex
1156 896 1350 939 potestate
1377 889 1547 928 dimittit.

156 964 197 995 99
220 954 304 990 Iam
333 954 502 1003 populus
523 967 615 991 cum
636 967 726 992 eum
748 952 884 991 vendit
908 952 975 1003 qui
997 953 1108 991 miles
1129 955 1254 992 factus
1275 967 1356 993 non
1377 962 1445 1001 est,
1469 968 1550 994 non

216 1007 355 1057 adimit
375 1018 410 1057 ei
434 1018 666 1066 libertatem,
691 1020 759 1057 sed
785 1018 933 1057 iudicat
957 1032 1036 1057 non
1058 1032 1143 1058 esse
1170 1033 1261 1058 eum
1281 1019 1448 1058 liberum
1469 1020 1547 1071 qui,

216 1091 258 1121 ut
287 1083 385 1123 liber
409 1084 467 1132 sit,
494 1084 601 1123 adire
631 1084 847 1135 perieulum
878 1083 1027 1131 noluit3
1062 1098 1152 1122 cum
1182 1092 1314 1123 autem
1345 1084 1549 1124 incensum
1573 1098 1610 1131 15

215 1150 361 1196 vendit,
395 1151 471 1188 hoc
500 1149 657 1195 iudicat,
693 1163 782 1187 cum
814 1149 849 1188 ei
884 1149 951 1199 qui
980 1148 1019 1187 in
1051 1149 1235 1188 servitute
1265 1149 1364 1188 iusta
1395 1152 1551 1189 fuerunt

215 1228 336 1253 censu
358 1214 580 1262 liberentur,
606 1228 696 1252 eum
718 1214 796 1264 qui,
820 1228 910 1252 cum
939 1213 1036 1252 liber
1057 1222 1173 1262 esset,
1193 1215 1343 1253 censeri
1368 1216 1547 1264 noluerit,

216 1280 343 1331 ipsum
365 1280 438 1319 sibi
460 1280 679 1319 libertatem
700 1279 998 1319 abiudicavisse.
1058 1282 1179 1330 Quod
1201 1281 1231 1319 si
1253 1281 1421 1320 maxime
1442 1283 1550 1322 hisce

215 1347 331 1385 rebus
359 1346 478 1385 adimi
510 1346 667 1384 libertas
694 1354 761 1384 aut
791 1345 926 1384 civitas
954 1354 1094 1396 potest,
1119 1360 1198 1385 non
1230 1346 1461 1398 intellegunt
1481 1347 1548 1398 qui

216 1413 312 1450 haec
333 1419 656 1458 commemorant,
681 1411 711 1449 si
733 1425 800 1461 per
821 1412 890 1449 has
912 1411 1081 1450 rationes
1103 1411 1269 1451 maiores
1290 1412 1411 1452 adimi
1433 1427 1548 1463 posse
1570 1426 1609 1449 κο

136 1490 195 1512 [00
214 1479 435 1525 voluerunt,
455 1476 532 1515 alio
554 1478 675 1515 modo
701 1476 903 1515 noluisse?
961 1478 1064 1514 Nam
1087 1484 1129 1515 ut
1150 1478 1247 1516 haec
1273 1492 1319 1516 ex
1340 1477 1420 1517 iure
1445 1478 1547 1517 civili

215 1544 425 1592 proferunt,
467 1542 522 1580 sic
560 1543 738 1580 adferant
777 1541 893 1580 velim
933 1540 1077 1592 quibus
1117 1543 1202 1592 lege
1240 1550 1307 1580 aut
1346 1543 1548 1593 rogatione

213 1608 348 1646 civitas
386 1615 453 1646 aut
492 1607 649 1646 libertas
689 1614 822 1656 erepta
860 1606 919 1645 sit.
991 1608 1094 1645 Nam
1130 1608 1238 1657 quod
1278 1609 1328 1646 ad
1367 1608 1545 1648 exsilium

212 1673 361 1720 attinet,
386 1672 590 1723 perspicue
618 1671 789 1722 intellegi
812 1680 941 1722 potest
970 1673 1085 1722 quale
1107 1672 1165 1711 sit.
1228 1673 1416 1712 Exsilium
1439 1674 1543 1712 enim

214 1752 292 1777 non
335 1737 569 1788 supplicium
612 1745 681 1784 est,
728 1738 797 1775 sed
842 1736 1059 1787 perfugium
1106 1746 1320 1787 portusque
1364 1739 1541 1789 supplici.
1567 1753 1604 1784 25

215 1805 318 1842 Nam
346 1803 437 1853 quia
458 1804 594 1842 volunt
615 1816 784 1853 poenam
814 1801 985 1852 aliquam
1014 1803 1280 1853 subterfugere
1301 1811 1367 1842 aut
1392 1805 1546 1843 calami-

256 1921 274 1948 4
301 1915 378 1940 sunt
408 1910 437 1940 T
573 1920 591 1948 5
618 1921 754 1941 manere
779 1910 913 1941 Baiter:
946 1916 1010 1941 tam
1039 1921 1081 1941 ne
1107 1922 1141 1941 rc
1172 1911 1217 1942 T:
1250 1915 1360 1942 lamen
1389 1912 1473 1949 (tum
1499 1913 1543 1952 (τ’)

213 1963 348 1983 manere
375 1957 438 1983 cell.
590 1955 611 1984 6
636 1955 824 1993 potuissent
849 1955 982 1985 Ascens.
1013 1960 1088 1987 lei:
1122 1955 1270 1985 voluisse
1296 1955 1501 1993 (noluissent
1519 1968 1543 1990 c,

212 1997 396 2028 valuissent
413 1998 445 2027 kl
463 2000 526 2027 cett.
622 1998 750 2029 dedidit
767 1999 796 2029 5-
814 2009 822 2029 :
839 1998 932 2029 dedit
949 2002 1014 2029 cett.
1139 2000 1159 2029 8
1184 1998 1319 2030 civitate
1343 1999 1415 2030 TEe
1523 2011 1544 2039 9

211 2041 397 2071 detraditur
415 2042 425 2079 (
432 2041 505 2071 -ud-
523 2041 554 2081 k)
575 2041 682 2072 codd:
711 2053 789 2074 corr.
812 2042 929 2073 Baiter
945 2043 1103 2080 (traditur
1120 2042 1296 2083 Angelius)
1386 2048 1437 2074 est
1456 2045 1544 2083 (ante

211 2085 339 2124 corum)
357 2083 397 2113 M
408 2095 492 2125 11zg.:
513 2085 549 2115 fit
563 2086 582 2115 k
597 2097 602 2115 z
622 2091 655 2116 et
673 2090 736 2117 scll.
834 2097 872 2118 10
892 2092 925 2117 ut
942 2086 1132 2117 Mancinum
1147 2087 1177 2125 k,
1194 2087 1375 2128 Angelius:
1399 2087 1540 2128 mancipi

209 2132 272 2158 cell.
363 2139 395 2167 14
415 2129 507 2170 cum]
524 2134 593 2160 tum
612 2129 683 2160 TEe
778 2141 813 2170 15
831 2132 913 2162 nolit
925 2131 1022 2161 Klots
1114 2132 1151 2161 18
1170 2130 1261 2162 hisce
1276 2131 1374 2162 rebus
1387 2132 1426 2170 ς’,
1440 2131 1540 2163 Bero-

210 2172 329 2203 aldus:
355 2173 540 2204 visceribus
556 2179 620 2206 cett.
754 2186 794 2205 22
821 2175 995 2215 proferunt
1013 2175 1042 2213 k,
1065 2175 1183 2206 Ordli:
1210 2176 1409 2215 profuerunt
1426 2174 1513 2207 codd.
1534 2187 1541 2206 :

211 2217 420 2253 protulerunt
434 2218 623 2260 Naugcm‘ns
637 2220 685 2259 (1)
776 2219 917 2249 aderant
929 2218 1015 2249 codd.
1034 2230 1041 2249 z
1065 2230 1143 2249 corr.
1160 2219 1349 2257 Naugerius
1367 2219 1396 2257 (¹
1409 2224 1415 2243 ‘1
1483 2224 1540 2250 aut

211 2260 338 2291 ratione
355 2261 443 2293 codd.
461 2274 467 2292 ε
491 2273 567 2293 corr.
586 2263 629 2293 A.
651 2262 869 2303 Augustinus
963 2272 1004 2300 25
1031 2262 1220 2301 perfugium
1244 2262 1321 2293 TE:
1348 2262 1538 2302 profugium

209 2308 275 2334 cell.
403 2309 444 2337 26
468 2307 544 2346 quia
558 2305 712 2344 jordan:
738 2305 791 2345 qui
812 2309 877 2337 ccli.
969 2306 1113 2345 aliquam
1133 2316 1273 2345 poenam
1299 2306 1328 2337 T
