1747 2620
155 94 204 122 20
225 99 266 131 55
601 84 644 120 M
689 82 858 119 TVLLI
890 80 1196 120 CICERONIS

225 196 419 235 turbatam
459 194 663 241 rationem,
705 208 728 232 o
775 193 981 232 libidinem
1031 193 1268 238 effrenatam,
1321 204 1345 229 o
1394 189 1555 228 consilia

162 272 205 300 21
224 261 416 300 dissoluta
448 268 567 311 atque
601 259 778 311 perdita!
826 258 1046 308 Vectigalia
1078 259 1206 295 locare
1238 269 1433 307 nusquam
1466 255 1556 294 licet

225 324 297 362 nisi
338 324 377 362 in
417 325 489 361 hac
529 323 636 369 urbe,
678 323 754 360 hoc
792 336 840 360 ex
879 323 982 368 loco,
1014 322 1088 358 hac
1118 327 1290 357 vestrum
1325 317 1552 369 frequentia.

225 389 371 428 Venire
389 396 542 428 nostras
572 401 632 426 res
662 386 838 438 proprias
869 393 907 425 et
936 385 976 424 in
1007 392 1241 436 perpetuum
1271 398 1294 422 a
1324 383 1438 422 nobis
1468 383 1555 421 aba·

225 454 357 493 lienari
398 454 437 491 in
479 451 771 503 Paphlagoniae
811 451 982 490 tenebris
1027 458 1148 500 atque
1190 449 1230 488 in
1278 448 1556 500 Cappadociae

163 524 206 564 56
226 519 438 558 solitudine
476 517 640 557 licebit?
716 519 757 555 L.
801 518 907 556 Sulla
953 529 1043 554 cum
1092 516 1199 554 bona
1236 514 1556 553 indemnatorum

225 585 369 623 civium
404 586 559 623 funesta
594 582 658 621 illa
690 583 875 621 auctione
909 595 980 620 sua
1006 582 1194 620 venderet
1228 588 1266 618 et
1298 594 1339 618 se
1370 580 1556 630 praedam

224 665 335 689 suam
368 650 515 689 diceret
547 649 732 695 vendere,
765 655 895 686 tamen
937 661 983 685 ex
1022 648 1098 685 hoc
1138 648 1226 684 loco
1261 644 1439 683 vendidit
1471 658 1555 691 nec,

223 729 393 766 quorum
431 715 567 753 oculos
607 712 847 759 offendebat,
891 725 1027 751 eorum
1076 711 1249 761 ipsorum
1299 717 1556 760 conspectum

224 783 355 831 sugere
395 794 513 818 ausus
552 786 634 827 est,
683 777 783 816 xviri
815 785 941 816 vestra
975 776 1179 827 vectigalia
1211 790 1291 815 non
1323 777 1444 814 modo
1476 789 1556 813 non

222 846 345 894 vobis,
379 845 567 895 Quirites,
599 843 752 883 arbitris
788 844 858 882 sed
893 856 944 881 ne
976 855 1171 893 praecone
1203 841 1365 891 quidem
1396 839 1557 890 publico

223 920 321 951 teste
342 912 549 950 vendent?

276 977 460 1028 Sequitur
484 980 492 994 ‘
509 988 640 1015 ombus
663 986 796 1013 AcRos
828 986 969 1012 EXTRA
999 974 1201 1011 I'rALmM'
1222 971 1377 1010 infinito
1397 986 1444 1010 ex
1465 978 1559 1010 tem-

223 1056 327 1093 pore,
352 1056 442 1088 non,
467 1048 510 1080 ut
536 1049 663 1086 antea,
687 1040 736 1078 ab
769 1041 876 1078 Sulla
906 1047 944 1077 et
968 1038 1160 1088 Pompeio
1180 1036 1419 1076 consulibus.
1482 1038 1556 1076 Co-

221 1107 345 1159 gnitio
359 1107 525 1154 xvirum,
544 1105 716 1157 privatus
733 1105 781 1143 sit
798 1119 847 1142 an
863 1103 1044 1155 publicus
1063 1118 1072 1151 ς
1102 1103 1216 1153 eique
1233 1116 1324 1152 agro
1340 1103 1557 1153 pergrande

222 1173 386 1224 vectigal
415 1171 640 1222 imponitur.
702 1173 796 1209 Hoc
826 1177 1019 1220 quantum
1050 1168 1251 1215 iudicium,
1275 1181 1394 1217 quam
1422 1167 1558 1206 intole-

222 1240 401 1286 randum,
436 1251 555 1287 quam
591 1235 741 1287 regium
774 1235 834 1282 sit,
868 1249 986 1285 quem
1020 1233 1212 1284 praeterit,
1247 1246 1362 1282 posse
1401 1232 1558 1283 quibus-

222 1318 395 1354 cumque
442 1303 538 1341 locis
579 1302 699 1340 velint
740 1302 848 1339 nulla
896 1299 1196 1350 disceptatione,
1237 1299 1346 1336 nullo
1392 1298 1557 1338 consilio

223 1369 371 1420 privata
399 1368 609 1419 publicare,
642 1367 800 1417 publica
833 1366 1027 1404 liberare?
1084 1364 1287 1414 Excipitur
1320 1365 1394 1402 hoc
1429 1365 1557 1414 capite

223 1449 314 1486 ager
342 1435 382 1473 in
413 1433 545 1473 Sicilia
576 1431 886 1479 Recentoricus,
917 1445 1035 1481 quem
1068 1444 1141 1481 ego
1176 1429 1302 1480 excipi
1337 1437 1374 1467 et
1400 1438 1558 1480 propter
1581 1443 1592 1462 2

224 1499 431 1539 hominum
467 1496 800 1537 necessitudinem
834 1505 871 1535 et
905 1504 1063 1546 propter
1096 1496 1155 1533 rei
1181 1495 1432 1544 aequitatem,
1465 1493 1559 1543 Qui-

225 1566 326 1611 rites,
359 1564 442 1615 ipse
473 1565 727 1603 vehementer
756 1563 921 1613 gaudeo.
983 1562 1062 1600 Sed
1095 1575 1196 1611 quae
1229 1566 1284 1598 est
1312 1561 1409 1598 haec
1436 1559 1559 1610 impu-

224 1629 381 1669 dential
454 1628 534 1678 Qui
572 1642 707 1679 agrum
755 1626 1062 1666 Recentoricum
1112 1625 1325 1676 possident,
1366 1632 1558 1664 vetustate

226 1693 484 1745 possessionis
517 1707 568 1740 se,
607 1706 686 1731 non
720 1692 812 1739 iure,
851 1691 1117 1731 misericordia
1156 1698 1324 1738 senatus,
1359 1704 1438 1729 non
1477 1690 1557 1741 agri

225 1759 462 1798 condicione
494 1759 725 1797 defendunt.
786 1758 890 1795 Nam
926 1757 1035 1795 illum
1071 1770 1205 1807 agrum
1240 1755 1442 1806 publicum
1469 1769 1556 1794 esse
1600 1776 1615 1797 .-.

227 1826 419 1873 fatentur,
460 1838 501 1863 se
527 1823 673 1863 moveri
701 1822 1027 1874 possessionibus,
1062 1821 1344 1873 antiquissimis
1384 1821 1555 1870 sedibus,

275 1939 282 1958 1
314 1927 549 1959 refrenandam
564 1928 681 1969 (4113111
695 1927 723 1967 e)
736 1926 824 1957 codd.
845 1937 851 1956 z
876 1936 954 1958 corr.
968 1926 1083 1957 Baiter
1169 1936 1188 1965 3
1207 1926 1269 1957 hoc
1281 1926 1471 1967 Naugerius
1484 1926 1533 1967 (ι)
1552 1937 1557 1955 ;

228 1972 288 2003 1106
308 1976 363 2002 aut
380 1971 437 2003 illo
454 1971 542 2002 codd.
679 1982 697 2010 4
723 1976 855 2001 vestras
875 1981 896 1999 n
986 1970 1026 2000 ab
1046 1972 1080 2009 (a
1096 1981 1123 2007 c„
1144 1970 1236 2000 vobis
1252 1970 1321 2000 Em
1418 1970 1558 2000 alienari

229 2016 267 2055 χ“-’
402 2025 418 2054 7
442 2025 502 2046 sua
519 2015 651 2046 actione
670 2015 701 2045 E
807 2019 840 2044 et
858 2024 894 2044 sc
913 2037 919 2043 .
938 2037 945 2044 .
967 2036 973 2043 .
994 2014 1143 2044 vendere
1161 2024 1224 2044 om.
1243 2013 1280 2044 N
1428 2023 1464 2043 10
1490 2023 1557 2043 11011

228 2059 332 2090 vobis.
353 2059 505 2098 Quirites
525 2058 666 2088 Msiller:
693 2068 736 2089 ne
754 2058 849 2088 vobis
867 2057 1002 2096 quidem
1022 2064 1079 2096 <nc
1097 2057 1218 2087 vestris
1235 2059 1264 2093 el,
1281 2056 1368 2088 codd.
1520 2066 1556 2094 15

229 2103 326 2142 cique
344 2102 484 2143 Madmg
499 2114 505 2133 :
534 2102 646 2142 sicque
665 2101 754 2132 codd.
863 2099 1010 2139 vectigal
1027 2101 1220 2140 pergrande
1238 2100 1270 2131 E
1398 2102 1435 2131 16
1459 2100 1512 2130 1116
1528 2100 1562 2130 E

228 2151 388 2185 quantum
408 2146 498 2177 intol.
522 2145 602 2184 ΛΙμο
783 2155 821 2183 19
847 2144 978 2184 publica
997 2153 1020 2174 r.
1042 2155 1072 2184 p.
1094 2144 1144 2174 E:
1171 2144 1303 2183 publiea
1322 2144 1434 2184 populi
1456 2144 1553 2174 Rom.

232 2190 419 2220 ΔΙΙωιιιιιδωι
545 2200 587 2220 20
611 2189 643 2220 in
660 2188 763 2229 suppl.
783 2185 972 2227 Naugerius
988 2187 1038 2226 (121
1146 2199 1182 2218 21
1212 2188 1258 2218 rei
1276 2188 1381 2229 suppl.
1399 2188 1556 2228 quxgcrs

229 2243 269 2263 22
295 2235 366 2272 ipsc
387 2234 508 2264 Gruter
524 2244 530 2263 :
555 2243 657 2272 saepe
673 2231 761 2262 codd.
854 2241 941 2270 quae
959 2235 1011 2261 est
1027 2229 1187 2271 Madmjg:
1211 2232 1289 2271 quid
1306 2230 1394 2262 codd.
1515 2232 1557 2261 26

229 2277 473 2316 antiquissimis
496 2276 741 2307 Lam-edamus:
776 2274 989 2306 amicissimis
1016 2286 1049 2314 &a
1074 2274 1231 2306 maximis
1254 2275 1300 2316 E)
1317 2273 1429 2306 codd.:
1460 2275 1556 2305 avitis

230 2320 298 2350 suis
316 2320 447 2351 Richter

1581 792 1618 813 10
