1747 2620
165 64 217 104 25
237 73 277 106 59
598 56 655 95 M.
687 56 855 94 TVLLI
887 56 1193 95 CICERONIS

233 170 351 220 patris
381 169 590 221 pecuniam
618 177 724 208 recte
754 168 915 208 abstulit
948 168 1075 217 filius3
1113 169 1144 208 si
1174 183 1255 208 non
1285 169 1404 216 licuit,
1428 176 1562 209 tamen

231 235 298 274 illo
332 244 488 274 mortuo
522 249 603 273 non
639 236 760 272 modo
797 234 897 272 filius
932 235 1002 272 sed
1037 234 1163 284 quivis
1202 236 1314 273 heres
1348 234 1561 274 rectissime

232 300 358 350 potuit
387 302 546 338 auferre.
608 302 667 337 Ac
698 307 781 337 tum
813 299 974 349 quidem
1009 299 1196 337 Tralliani
1231 313 1321 337 cum
1356 299 1428 350 ipsi
1458 299 1563 350 gravi

231 367 389 404 faenore
428 365 541 403 istam
582 364 794 414 pecuniam
834 365 978 402 multos
1016 377 1142 402 annos
1190 364 1500 414 occupavissent,
1540 378 1563 403 a

233 432 374 468 Flacco
399 438 531 468 tamen
559 429 693 468 onmia
724 443 825 479 quae
856 430 1063 467 voluerunt
1093 428 1410 480 impetraverunt,
1433 443 1562 480 neque
1582 443 1599 475 5

231 503 311 534 tam
346 497 501 534 fuerunt
534 495 786 545 impudentes
821 502 863 532 ut
898 494 937 532 id
974 495 1082 544 quod
1116 494 1272 532 Laelius
1305 494 1400 533 dixit
1432 494 1562 533 dicere

230 563 431 608 auderent,
472 563 575 599 hanc
613 561 664 598 ab
699 574 740 599 se
779 559 989 610 pecuniam
1028 559 1235 598 abstulisse
1276 559 1559 598 Mithridatem.

232 627 332 676 Quis
372 626 476 665 enim
511 634 591 664 erat
626 625 693 676 qui
730 639 809 663 non
842 624 955 663 sciret
990 624 1029 662 in
1069 625 1255 663 ornandis
1285 625 1561 664 studiosiorem

170 694 212 728 60
233 692 505 731 Mithridatem
536 705 654 742 quam
686 691 725 729 in
757 690 972 741 spoliandis
1002 690 1209 729 Trallianis
1240 691 1391 730 fuisse?
1449 693 1562 741 Quae

231 756 391 807 quidem
417 771 441 796 a
464 771 526 795 me
554 756 594 803 si,
630 764 670 795 ut
701 756 871 794 dicenda
902 763 1002 804 sunt,
1033 755 1265 804 dicerentur,
1296 756 1447 806 gravius
1477 770 1562 806 age·
1585 771 1622 792 10

230 836 322 869 rem,
355 822 515 869 iudices,
547 836 666 872 quam
696 823 827 860 adhuc
859 821 930 871 egi,
963 829 1151 872 quantam
1181 821 1365 860 Asiaticis
1396 822 1561 861 testibus

230 889 349 926 fidem
380 888 524 926 habere
545 901 613 926 vos
635 886 862 925 conveniret
877 901 887 935 3
918 900 1141 925 revocarem
1169 887 1322 926 animos
1343 896 1490 926 vestros
1509 889 1562 927 ad

231 952 489 991 Mithridatici
511 952 603 991 belli
634 952 876 1000 memoriam,
900 953 950 990 ad
980 951 1086 990 illam
1116 951 1387 991 universorum
1417 952 1561 991 civium

231 1019 504 1056 Romanorum
535 1031 604 1068 per
635 1025 692 1056 tot
727 1017 833 1055 urbis
868 1030 948 1055 uno
980 1025 1128 1067 puncto
1157 1017 1345 1067 temporis
1380 1018 1561 1057 miseram

230 1084 510 1133 crudelemque
540 1084 715 1130 caedem,
743 1090 941 1133 praetores
971 1090 1125 1121 nostros
1156 1082 1322 1130 deditos,
1346 1084 1494 1133 legatos
1521 1083 1561 1121 in
1584 1098 1619 1129 ¹5

230 1148 357 1187 vincla
386 1148 597 1195 coniectos,
634 1148 805 1187 nominis
844 1162 966 1199 prope
1007 1148 1179 1186 Romani
1209 1148 1440 1187 memoriam
1470 1162 1561 1187 cum

230 1213 393 1264 vestigio
431 1214 538 1252 omni
572 1213 710 1264 imperi
750 1227 830 1252 non
871 1215 993 1252 modo
1033 1227 1079 1252 ex
1118 1213 1278 1252 sedibus
1318 1214 1560 1253 Graecorum

229 1293 364 1318 verum
394 1280 511 1318 etiam
539 1293 586 1318 ex
612 1279 747 1318 litteris
776 1293 860 1318 esse
891 1280 1073 1318 deletam.
1135 1279 1407 1318 Mithridatem
1438 1280 1562 1319 domi-

229 1358 336 1392 num,
353 1344 461 1383 illum
476 1353 637 1395 patrem,
653 1345 763 1383 illum
778 1351 1094 1383 conservatorem
1108 1344 1237 1392 Asiae,
1247 1344 1357 1383 illum
1373 1345 1558 1393 Euhium,

168 1414 206 1445 61
230 1409 408 1460 Nysium,
451 1412 664 1458 Bacchum,
709 1410 895 1448 Liberum
936 1409 1207 1448 nominabant.
1268 1412 1402 1449 Vnum
1440 1418 1560 1461 atque
1582 1424 1621 1446 20

229 1474 335 1514 idem
365 1482 446 1514 erat
473 1483 628 1526 tempus
658 1489 750 1514 cum
783 1477 824 1513 L.
850 1477 993 1514 Flacco
1022 1476 1175 1514 consuli
1204 1484 1335 1527 portas
1365 1483 1445 1515 tota
1465 1476 1561 1515 Asia

230 1541 450 1588 claudebat,
475 1542 757 1592 Cappadocem
789 1548 922 1579 autem
953 1541 1063 1579 illum
1092 1555 1173 1579 non
1198 1543 1320 1580 modo
1348 1542 1561 1592 recipiebat

229 1606 308 1644 suis
328 1606 491 1645 urbibus
507 1620 642 1645 verum
663 1606 780 1645 etiam
803 1608 904 1645 ultro
922 1607 1099 1645 vocabat.
1158 1606 1292 1645 Liceat
1313 1608 1410 1646 haec
1431 1607 1558 1654 nobis,

229 1671 260 1709 si
290 1671 468 1710 oblivisci
495 1686 575 1711 non
600 1686 820 1722 possumus,
848 1680 887 1711 at
919 1680 1057 1719 tacere,
1082 1672 1197 1711 liceat
1227 1672 1323 1710 mihi
1353 1672 1483 1722 potius
1508 1674 1560 1712 de

228 1736 384 1775 levitate
423 1738 664 1776 Graecorum
703 1737 813 1788 queri
852 1750 972 1788 quam
1007 1738 1058 1776 de
1092 1738 1348 1785 crudelitate3
1395 1738 1559 1776 auctori-
1580 1750 1617 1781 25

229 1808 349 1840 tatem
381 1800 442 1839 isti
470 1802 642 1840 habeant
671 1803 777 1852 apud
806 1815 872 1840 eos
899 1815 999 1852 quos
1021 1815 1106 1841 esse
1127 1802 1290 1841 omnino
1320 1804 1560 1842 noluerunt?

231 1869 347 1914 Nam,
370 1880 643 1917 quoscumque
663 1875 887 1918 potuerunt,
912 1876 1065 1919 togatos
1097 1868 1388 1916 interemerunt,
1411 1881 1558 1906 nomen

156 1933 209 1970 26
230 1932 374 1971 civium
397 1934 670 1970 Romanorum
691 1941 883 1983 quantum
914 1933 953 1971 in
982 1933 1075 1984 ipsis
1104 1934 1174 1972 fuit
1199 1935 1447 1972 sustulerunt.
1510 1934 1557 1971 In

230 1998 304 2035 hac
333 1996 448 2047 igitur
476 1997 572 2035 urbe
604 2011 645 2036 se
681 1997 825 2036 iactant
857 2012 976 2048 quam
1008 2000 1187 2046 oderunt,
1218 2000 1325 2049 apud
1357 2011 1424 2036 eos
1458 2010 1558 2047 quos

275 2118 288 2138 1
315 2107 360 2148 si]
377 2109 437 2138 sed
455 2108 486 2138 Β
574 2120 593 2149 3
620 2111 727 2150 gravi)
738 2110 820 2150 sort.
839 2108 956 2149 grandi
977 2108 1029 2148 (cf.
1052 2110 1066 2145 ξ
1087 2109 1142 2149 51)
1251 2109 1271 2138 8
1295 2108 1352 2147 qui
1370 2107 1456 2148 non]
1477 2108 1556 2147 quin

226 2152 306 2183 com'.
328 2150 452 2182 Mulier
587 2155 625 2183 16
650 2154 760 2185 vincla
778 2158 827 2194 Σχ
845 2164 852 2184 :
877 2152 1010 2183 vincula
1026 2155 1090 2183 cett.
1230 2162 1266 2190 17
1291 2151 1380 2182 omni
1398 2152 1559 2191 supplevi!

229 2194 361 2235 Oetlt'ng
376 2196 449 2236 (hoc
464 2196 538 2234 lom,
554 2201 629 2236 post
644 2208 719 2229 cum
741 2196 916 2237 Garatoni)
1068 2195 1207 2226 sedibus
1224 2194 1289 2225 cod.
1310 2195 1356 2226 H.
1376 2193 1557 2234 Stephani:

228 2239 345 2269 edibus
366 2240 437 2277 (ae-
455 2241 494 2281 χ)
518 2242 583 2272 mei
731 2242 768 2273 18
795 2241 965 2272 dominum
985 2237 1175 2269 Lambinus
1192 2250 1198 2269 ε
1223 2239 1321 2269 deum
1339 2238 1408 2278 (ἀῶ
1428 2238 1466 2278 Σ)
1486 2242 1535 2278 Σχ
1552 2250 1558 2268 :

228 2282 362 2312 demum
378 2282 395 2311 b
415 2295 422 2314 ε
447 2285 570 2315 deinde
589 2285 618 2316 ς’
770 2295 807 2324 19
833 2283 977 2314 Euhium
1008 2282 1204 2313 Lachmann
1223 2293 1229 2312 τ
1267 2282 1378 2312 euium
1396 2285 1468 2320 Σχ;
1501 2292 1557 2312 eu-

228 2325 337 2355 chium
364 2330 430 2358 cett.
523 2339 565 2359 20
590 2339 710 2368 nysum
741 2332 781 2359 Σσ
858 2327 1011 2358 Liberum
1029 2325 1087 2357 del.
1109 2324 1295 2357 Lambinus
1404 2335 1445 2364 23
1470 2324 1555 2364 suis]

230 2369 260 2399 in
278 2369 350 2400 suis
368 2374 390 2400 Σ
541 2383 583 2411 29
607 2373 730 2403 iactent
755 2373 785 2411 le,
806 2370 995 2402 Lambinus
