1716 2662
73 807 110 828 10

72 1459 110 1481 20

457 97 526 133 IN.
562 97 603 133 L.
638 95 886 134 PISONEM
918 96 1133 133 ORATIO
1399 105 1451 131 20
1471 99 1513 142 46

129 207 198 243 has
237 219 321 244 esse
354 207 392 243 in
428 205 569 255 impios
614 213 651 243 et
692 206 978 243 consceleratos
1018 218 1167 255 poenas
1207 205 1450 244 certissimas.

130 271 263 308 Nolite
303 271 407 309 enim
447 271 499 309 ita
538 278 684 321 putare,
726 279 853 320 patres
892 270 1113 320 conscripti,
1155 278 1197 308 ut
1236 270 1274 307 in
1313 283 1453 307 scaena

128 336 279 383 videtis,
303 336 483 374 homines
504 337 791 374 consceleratos
811 334 981 385 impulsu
1007 336 1173 374 deorum
1193 334 1324 373 terreri
1345 335 1455 373 suria-

128 401 229 439 libus
260 401 384 439 taedis
413 400 666 447 ardentibus3
696 414 765 438 sua
799 413 997 450 quemque
1017 401 1131 447 fraus,
1154 412 1269 437 suum
1291 399 1450 446 facinus,

129 479 243 504 suum
274 467 410 511 scelus,
443 479 512 503 sua
540 465 706 504 audacia
735 466 785 504 de
817 465 982 503 sanitate
1011 478 1057 503 ac
1085 472 1217 503 mente
1246 465 1454 513 deturbat;

129 532 202 569 hae
237 538 327 569 sunt
359 530 568 581 impiorum
600 530 731 577 furiae,
763 531 837 568 bae
869 531 1059 577 flammae,
1090 531 1165 568 hae
1193 531 1307 569 faces.
1368 533 1453 580 Ego
1474 542 1513 575 47

128 605 166 635 te
196 610 276 635 non
299 597 543 642 vaecordem,
568 609 649 633 non
680 595 880 641 furiosum,
904 608 986 633 non
1016 602 1149 633 mente
1178 603 1349 645 captum,
1373 609 1452 633 non

128 662 274 711 tragico
296 661 362 699 illo
385 661 523 699 Oreste
543 669 611 698 aut
631 661 873 698 Athamante
904 660 1192 698 dementiorem
1215 669 1363 711 putem,
1387 661 1451 710 qui

128 726 178 764 sis
198 740 315 765 ausus
336 726 504 776 primum
537 727 812 764 facere—nam
844 725 884 763 id
913 733 971 764 est
998 725 1316 775 caput—deinde
1335 727 1454 775 paulo

128 800 219 830 ante
252 793 466 841 Torquato,
501 791 749 829 sanctissimo
789 798 826 830 et
865 792 1093 841 gravissimo
1125 790 1219 837 viro,
1252 798 1454 841 premente

128 857 303 895 confiteri
352 865 390 895 te
438 856 678 907 provinciam
729 856 1019 902 Macedoniam,
1061 856 1099 894 in
1144 870 1262 906 quam
1301 863 1452 894 tantum

128 922 338 960 exercitum
360 929 672 971 transportasseS,
696 922 780 960 sine
801 924 880 960 ullo
902 922 1023 960 milite
1047 921 1277 972 reliquisse?
1335 921 1453 959 Mitto

128 989 178 1025 de
198 987 340 1025 amissa
362 987 530 1025 maxima
546 995 654 1036 parte
672 987 886 1035 exercitus,
917 988 964 1025 sit
986 988 1061 1025 hoe
1084 986 1319 1025 infelicitatis
1339 994 1429 1025 tuae
1446 1001 1453 1028 :

128 1052 353 1090 dimittendi
392 1066 483 1090 vero
522 1051 712 1090 exercitus
759 1066 877 1102 quam
917 1060 1029 1102 potes
1067 1053 1218 1090 adferre
1266 1053 1454 1090 causam?

128 1131 246 1167 quam
295 1125 529 1167 potestatem
579 1117 760 1164 habuisti,
803 1131 920 1167 quam
962 1119 1098 1167 legem,
1140 1118 1248 1168 quod
1296 1124 1452 1154 senatus

129 1184 363 1228 consultum,
397 1184 504 1232 quod
535 1182 606 1230 ius,
641 1184 749 1232 quod
784 1184 1038 1233 exemplum?
1109 1182 1218 1229 Quid
1251 1190 1307 1221 est
1346 1181 1453 1220 aliud

128 1249 283 1286 furere?
325 1261 406 1285 non
439 1260 678 1297 cognoscere
710 1247 906 1295 homines,
938 1261 1018 1285 non
1058 1260 1295 1297 cognoscere
1334 1248 1449 1296 leges,

129 1326 209 1351 non
230 1320 420 1359 senatum,
440 1326 519 1350 non
542 1312 770 1351 civitatem?
827 1313 1042 1352 Cruentare
1061 1326 1204 1363 corpus
1225 1326 1339 1350 suum
1369 1313 1454 1350 leve

129 1385 211 1424 est;
246 1377 368 1415 maior
398 1378 494 1415 baec
524 1385 582 1415 est
612 1377 724 1424 vitae,
762 1379 899 1424 famae,
935 1377 1069 1415 salutis
1103 1391 1196 1415 suae
1226 1377 1451 1415 volneratio.

130 1443 168 1481 Si
200 1442 386 1481 familiam
408 1449 513 1480 tuam
540 1442 766 1489 dimisisses,
791 1444 898 1492 quod
921 1444 971 1481 ad
992 1442 1192 1481 neminem
1222 1442 1296 1480 nisi
1323 1443 1374 1480 ad
1402 1441 1455 1491 ip·
1474 1450 1515 1489 48

130 1521 215 1546 sum
245 1515 281 1546 te
307 1507 526 1557 pertineret,
549 1506 665 1545 amici
688 1515 726 1545 te
746 1506 1096 1557 constringendum
1117 1514 1322 1557 putarentg
1350 1520 1455 1557 prae-

130 1573 273 1611 sidium
294 1580 335 1610 tu
356 1571 409 1611 rei
431 1572 623 1622 publicae,
648 1572 871 1611 custodiam
896 1572 1120 1623 provinciae
1149 1571 1297 1610 iniussu
1319 1571 1453 1622 populi

131 1637 302 1676 Romani
317 1645 554 1687 senatusque
569 1637 796 1685 dimisisses,
812 1638 841 1675 si
857 1646 947 1676 tuae
961 1637 1102 1675 mentis
1116 1650 1279 1687 compos
1293 1637 1455 1675 fuisses?

132 1705 236 1742 Ecce
257 1702 326 1741 tibi
354 1704 450 1741 alter
477 1704 599 1741 effusa
618 1703 695 1741 iam
722 1703 890 1742 maxima
910 1704 1055 1754 praeda
1075 1716 1194 1753 quam
1219 1716 1265 1741 ex
1290 1701 1454 1740 fortunis
1474 1713 1516 1741 21

100 1768 444 1819 'publicanorum,
487 1781 603 1818 quam
645 1783 692 1807 cx
730 1769 829 1819 agris
870 1769 1113 1818 urbibusque
1155 1767 1351 1806 sociorum
1395 1780 1455 1805 ex—

131 1836 321 1880 hauserat,
363 1847 454 1872 cum
494 1834 633 1885 partim
675 1835 758 1874 eius
802 1836 970 1885 praedae
1011 1835 1230 1884 profundae
1270 1832 1454 1871 libidines

130 1902 393 1947 devorassent,
430 1900 569 1950 partim
610 1914 712 1938 nova
750 1902 946 1950 quaedam
986 1908 1024 1938 et
1060 1899 1235 1938 inaudita
1273 1897 1452 1943 luxuries,

130 1964 269 2015 partim
301 1964 417 2003 etiam
440 1964 479 2002 in
501 1964 574 2002 illis
595 1965 690 2002 locis
716 1965 783 2002 ubi
811 1965 944 2003 omnia
964 1965 1124 2015 diripuit
1154 1962 1373 2014 emptiones
1403 1963 1452 2001 ad

177 2083 190 2102 r
218 2072 421 2102 certissimas
444 2072 493 2102 V:
518 2072 715 2102 constitutas
733 2071 808 2102 add.
829 2076 892 2104 cell.
1009 2082 1027 2102 2
1053 2072 1098 2102 ita
1121 2069 1167 2100 V:
1191 2080 1257 2099 om.
1279 2072 1340 2099 cett.
1432 2078 1452 2107 3

132 2116 303 2146 furialibus
327 2116 374 2146 V:
401 2116 556 2145 furiarum
578 2119 642 2147 cell.
741 2126 778 2146 10
803 2116 1015 2146 sanctissimo
1033 2122 1065 2154 et
1082 2114 1281 2153 gravissimo
1302 2112 1352 2142 V:
1377 2122 1451 2150 gra-

130 2159 266 2189 vissimo
284 2164 315 2189 et
332 2159 544 2189 sanctissimo
561 2163 623 2190 cett.
716 2160 906 2200 premente]
927 2165 1106 2198 praesente
1127 2158 1158 2187 V
1263 2166 1297 2194 17
1325 2155 1450 2185 surerel

130 2213 226 2242 quam
246 2202 322 2233 add.
342 2203 383 2232 M
401 2213 467 2242 mg.
488 2214 494 2232 :
518 2203 582 2233 nisi
600 2202 676 2233 add.
694 2202 730 2232 N
848 2204 884 2233 18
909 2204 984 2233 leve
1002 2208 1052 2234 est
1074 2202 1124 2232 V:
1147 2212 1214 2231 0111.
1235 2203 1300 2230 cclx.
1412 2209 1449 2228 21

130 2246 227 2276 amici
252 2250 286 2276 te
305 2245 386 2276 PV:
425 2246 519 2276 amici
546 2251 579 2276 te
602 2247 651 2276 tui
674 2250 740 2277 cett.
916 2258 957 2277 22
983 2248 1030 2277 rei
1055 2256 1086 2285 p.
1111 2245 1158 2274 V:
1184 2243 1299 2283 populi
1325 2243 1366 2273 R.
1387 2246 1448 2273 cell.

131 2299 171 2327 23
197 2289 340 2319 Romani
358 2288 440 2319 PV:
464 2300 529 2319 om.
551 2292 613 2320 cett.
801 2301 841 2329 25
867 2301 964 2330 quam
983 2300 1025 2320 ex
1042 2289 1130 2328 agris
1147 2287 1200 2318 P:
1224 2298 1267 2317 ex
1285 2286 1372 2325 agris
1388 2289 1451 2316 cell,

95 2366 99 2369 ,
130 2334 172 2363 26
196 2337 326 2371 partem
349 2332 380 2362 V
463 2334 607 2372 praedae
625 2332 705 2363 PV:
733 2335 889 2373 praedam
908 2338 973 2365 cels.
1129 2333 1170 2362 28
1194 2331 1383 2370 emptiones
1398 2327 1451 2359 P:

130 2377 250 2416 partim
267 2377 528 2416 permutationes
554 2378 653 2416 (mut-
674 2376 734 2418 V2)
760 2377 836 2409 add.
857 2381 919 2409 cctt.
940 2376 1053 2419 (V21'n
1075 2376 1153 2418 lac.)
