1747 2620
197 81 221 108 2
243 78 260 108 S
609 72 664 111 M.
697 72 866 111 TVLLI
898 71 1206 111 CICERONIS

239 185 302 222 Tu
329 197 431 232 vero,
458 185 586 232 Rulle,
612 183 709 235 quid
736 184 919 234 quaeris?
977 184 1099 233 Quod
1120 184 1268 224 habent
1297 192 1339 223 ut
1369 185 1570 225 habeant?

240 250 341 300 Quis
361 251 494 289 vetat?
550 251 604 288 Vt
625 250 817 301 privatum
840 249 920 289 sit?
979 251 1039 288 Ita
1059 251 1182 289 latum
1207 257 1274 288 est.
1334 252 1387 289 Vt
1408 250 1569 289 meliore

237 317 324 354 iure
337 316 392 354 tui
408 314 532 354 soceri
546 316 693 354 fundus
710 315 904 365 Hirpinus
922 315 969 353 sit
984 315 1065 355 sive
1081 328 1172 365 ager
1190 316 1568 367 Hirpinus—totum

239 381 346 420 enim
367 381 717 432 possidet—quam
736 394 847 419 meus
864 388 1049 431 paternus
1065 381 1271 431 avitusque
1292 382 1438 420 fundus
1459 381 1570 431 Arpi—

198 461 217 492 9
239 449 338 486 nas?
394 448 443 485 Id
465 447 569 485 enim
591 460 716 485 caves.
777 446 941 497 Optimo
962 447 1068 485 enim
1094 447 1175 486 iure
1203 460 1249 485 ea
1275 454 1366 486 sunt
1392 449 1569 498 profecto
1589 461 1607 494 5

237 512 396 562 praedia
418 526 519 562 quae
540 512 690 562 optima
710 511 948 550 condicione
977 519 1079 550 sunt.
1139 511 1282 550 Libera
1305 512 1466 552 meliore
1487 512 1569 552 iure

237 585 327 616 sunt
357 591 475 628 quam
507 591 617 616 serva
633 593 642 625 3
673 577 802 628 capite
833 578 909 615 hoc
940 576 1075 616 omnia
1104 591 1205 627 quae
1236 577 1457 616 serviebant
1486 592 1567 617 non

237 644 415 682 servient.
476 644 612 682 Soluta
651 642 812 682 meliore
851 643 890 680 in
930 656 1048 681 causa
1089 650 1179 681 sunt
1214 656 1333 693 quam
1372 642 1569 693 obligata3

236 709 378 747 eodem
418 708 545 759 capite
584 708 812 758 subsignata
850 707 994 755 omnia,
1035 707 1066 745 si
1106 708 1228 747 modo
1267 709 1425 747 Sullana
1463 717 1563 756 sunt,

236 773 458 812 liberantur.
521 773 721 812 Immunia
755 773 1028 812 commodiore
1060 773 1296 812 condicione
1326 781 1417 812 sunt
1446 787 1566 824 quam
1590 792 1627 814 10

236 840 300 878 illa
321 852 422 889 quae
443 839 641 889 pensitant
658 854 667 887 3
697 852 770 889 ego
791 838 1028 877 Tusculanis
1056 852 1126 888 pro
1155 851 1258 888 aqua
1279 839 1427 877 Crabra
1451 839 1567 878 vecti-

235 906 296 954 gal
335 906 518 955 pendam,
557 905 649 955 quia
689 904 888 954 mancipio
924 905 1092 943 fundum
1131 904 1296 954 accepi3
1338 904 1368 942 si
1403 918 1425 942 a
1460 906 1567 943 Sulla

190 956 214 993 3
236 970 330 1008 mihi
365 972 479 1009 datus
515 978 628 1017 esset,
662 969 767 1008 Rulli
801 971 884 1019 lege
916 982 997 1007 non
1032 969 1258 1018 penderem.
1319 969 1449 1008 Video
1483 983 1562 1017 vos,

193 1017 214 1038 Ο
235 1035 420 1084 Quirites,
453 1035 567 1074 sicuti
592 1049 651 1074 res
680 1035 763 1085 ipsa
788 1034 902 1084 cogit,
927 1034 1167 1073 commoveri
1189 1035 1249 1072 vel
1280 1034 1373 1084 legis
1398 1036 1459 1073 vel
1485 1048 1566 1073 ora-

234 1100 351 1140 tionis
384 1101 640 1152 impudentia,
670 1100 765 1150 legis
798 1114 899 1150 quae
933 1100 993 1138 ius
1026 1099 1165 1138 melius
1198 1099 1366 1138 Sullanis
1396 1100 1564 1150 praediis
1588 1115 1624 1148 15

233 1167 446 1206 constituat
468 1181 587 1217 quam
606 1166 787 1217 paternis,
808 1166 995 1205 orationis
1019 1179 1120 1216 quae
1148 1165 1230 1204 eius
1256 1166 1364 1204 modi
1385 1168 1426 1204 in
1447 1179 1565 1206 causa

232 1232 457 1271 insimulare
479 1246 719 1283 quemquam
742 1233 884 1270 audeat
913 1231 1082 1269 rationes
1108 1232 1237 1269 Sullae
1265 1231 1429 1270 nimium
1451 1234 1565 1271 vehe-

229 1306 382 1337 menter
410 1299 633 1337 defendere.
695 1300 747 1336 At
775 1298 805 1336 si
834 1298 898 1336 illa
936 1300 1063 1336 solum
1086 1297 1252 1336 sanciret
1279 1311 1379 1347 quae
1405 1311 1426 1336 a
1458 1299 1565 1337 Sulla

229 1371 359 1401 essent
388 1364 489 1410 data,
513 1370 698 1404 tacerem,
720 1365 840 1402 modo
874 1363 957 1413 ipse
989 1377 1030 1402 se
1061 1365 1264 1402 Sullanum
1293 1377 1378 1402 esse
1403 1364 1563 1403 confite-

228 1436 341 1467 retur.
404 1430 481 1467 Sed
512 1442 591 1466 non
614 1431 734 1467 modo
766 1428 839 1467 illis
872 1436 983 1467 cavet
1005 1442 1138 1468 verum
1166 1429 1282 1468 etiam
1305 1429 1411 1468 aliud
1440 1430 1562 1479 quod·
1584 1445 1625 1467 20

227 1495 319 1533 dam
352 1507 475 1544 genus
510 1494 736 1532 donationis
774 1494 948 1543 inducit3
994 1503 1032 1533 et
1067 1495 1098 1533 is
1133 1495 1208 1545 quix
1232 1509 1254 1534 a
1286 1509 1349 1533 me
1384 1496 1562 1534 Sullanas

226 1559 493 1610 possessiones
542 1559 702 1597 defendi
749 1560 975 1599 criminatur
1026 1574 1106 1599 non
1156 1574 1220 1599 eas
1270 1562 1397 1599 solum
1438 1561 1562 1599 sancit

225 1637 356 1662 verum
380 1624 462 1674 ipse
484 1637 605 1662 novas
629 1625 921 1675 adsignationes
946 1626 1112 1665 instituit
1141 1634 1178 1665 et
1208 1627 1434 1677 repentinus
1456 1628 1563 1665 Sulla

167 1702 199 1724 11
226 1688 339 1726 nobis
370 1689 548 1727 exoritur.
615 1691 718 1728 Nam
741 1692 933 1731 attendite
957 1700 1123 1743 quantas
1147 1691 1424 1731 concessiones
1455 1705 1561 1742 agro-

226 1767 310 1792 rum
332 1755 394 1791 hic
416 1762 548 1793 noster
573 1756 797 1807 obiurgator
813 1772 893 1796 uno
911 1759 1031 1796 verbo
1046 1760 1172 1796 facere
1193 1765 1380 1796 conetur:
1416 1761 1424 1777 ‘
1439 1758 1560 1806 QVAE
1583 1769 1621 1801 25

226 1830 345 1865 DATA,
370 1830 551 1866 DoNATA,
581 1833 799 1867 concussa,
827 1825 1038 1862 vnanAss
1098 1823 1239 1870 Patior,
1257 1822 1387 1861 audio.
1451 1822 1558 1871 Quid

224 1882 399 1922 deinde?
463 1888 706 1925 ‘POSSESSAJ
770 1889 861 1926 Hoc
910 1888 1090 1926 tribunus
1139 1887 1264 1937 plebis
1314 1889 1560 1937 promulgare

176 1015 187 1037 I

265 2011 284 2031 2
309 1999 468 2039 privatim
504 2001 552 2033 Ee
685 2004 725 2034 sit
763 2003 952 2045 IVesenlmg
968 2016 974 2035 z
1014 2005 1073 2035 scd
1105 2004 1193 2037 codd.
1213 2017 1219 2037 z
1260 2004 1305 2034 At
1338 2003 1561 2035 Lauredmms

223 2044 361 2075 meliore
380 2046 453 2077 iure
474 2045 633 2088 Pluygers
650 2058 656 2077 :
682 2048 799 2078 melior
817 2048 904 2079 codd.
994 2054 997 2055 ’
1040 2059 1059 2086 3
1087 2048 1250 2088 Hirpinus
1268 2048 1351 2086 Lag.
1366 2058 1386 2086 9
1402 2060 1408 2079 :
1433 2049 1560 2088 irpinus

220 2092 284 2120 cell.
425 2091 445 2120 8
472 2101 569 2130 quam
591 2100 656 2120 non
676 2090 769 2130 Εεχιι
914 2102 935 2130 9
959 2091 1167 2131 subsignata]
1185 2092 1330 2131 obligata
1349 2090 1384 2129 ><¹
1521 2102 1560 2122 10

222 2135 450 2166 commodiore
473 2134 589 2173 Eexn:
621 2135 757 2166 meliore
777 2135 868 2172 Μμῑῖ
961 2145 992 2164 11
1015 2136 1130 2165 crebra
1147 2135 1234 2168 codd.
1253 2147 1259 2166 τ
1284 2144 1361 2165 (077¹.
1383 2135 1560 2165 *Manutius

223 2177 375 2216 vectigali
393 2178 455 2214 Mu
587 2188 625 2208 12
651 2180 727 2217 quia
744 2177 934 2218 Naugerius
953 2179 1001 2218 (Ι)
1019 2190 1025 2209 :
1045 2179 1099 2218 qui
1117 2189 1135 2209 a
1153 2179 1242 2211 codd.
1360 2188 1396 2216 14
1421 2179 1508 2217 cogit
1527 2178 1558 2215 k,

222 2220 447 2251 Lamra'mms
469 2233 474 2251 :
499 2226 598 2261 coget
616 2225 679 2252 cett.
784 2223 935 2262 legisque
952 2221 998 2252 Ee
1015 2234 1022 2252 :
1046 2232 1131 2261 quae
1148 2221 1186 2252 N
1318 2233 1354 2262 15
1380 2222 1559 2262 praesidiis

222 2265 315 2304 Eexn
464 2266 501 2294 16
527 2265 559 2296 in
576 2265 682 2305 suppl.
701 2265 816 2296 Baiter
950 2267 986 2296 18
1011 2275 1048 2295 ac
1065 2276 1115 2296 em
1240 2275 1280 2305 25
1306 2264 1439 2305 noster]
1457 2266 1558 2296 modo

222 2317 268 2348 χη
410 2318 448 2347 27
474 2308 557 2339 haec
576 2320 596 2339 η
