1716 2662
471 94 581 134 PRO
612 95 654 133 L.
688 94 908 134 FLACCO
938 93 1157 132 ORATIO
1423 92 1475 138 38
1493 106 1535 139 95

145 204 256 243 cuius
286 205 542 243 damnatione
572 206 793 255 sepulcrum
818 206 858 244 L.
884 204 1078 244 Catilinae
1106 203 1267 242 floribus
1295 210 1476 241 ornatum

145 270 352 308 hominum
387 269 738 309 audacissimorum
767 284 813 309 ac
842 269 1153 309 domesticorum
1184 268 1356 307 hostium
1387 281 1477 305 con-

146 342 264 374 ventu
286 335 491 386 epulisque
512 335 751 374 celebratum
771 343 838 374 est.
895 337 1004 374 Iusta
1025 333 1219 374 Catilinae
1241 335 1342 372 facta
1362 339 1478 380 sunt3

146 414 252 439 nunc
281 414 304 439 a
329 403 471 439 Flacco
500 400 655 439 Lentuli
678 414 829 451 poenae
857 414 924 452 per
944 413 1013 438 vos
1039 407 1284 450 expetuntur.
1345 399 1476 447 Quam

110 480 127 512 5
146 466 309 517 potestis
337 469 376 505 P.
403 468 582 513 Lentulo,
607 466 674 517 qui
695 479 764 505 vos
794 466 834 504 in
862 467 1072 516 complexu
1103 465 1315 503 liberorum
1345 463 1478 502 coniu-

145 546 319 582 gumque
356 540 570 571 vestrarum
619 531 833 571 trucidatos
882 531 1068 570 incendio
1120 529 1266 581 patriae
1315 529 1478 580 sepelire

146 606 310 636 conatus
338 606 406 645 est,
431 606 599 636 mactare
621 597 818 636 victimam
847 597 1053 648 gratiorem
1081 610 1200 647 quam
1221 595 1252 634 si
1280 597 1322 633 L.
1347 595 1477 634 Flacci

147 662 336 713 sanguine
362 662 464 700 illius
492 662 682 701 nefarium
710 662 750 700 in
772 675 840 700 vos
870 662 998 700 omnis
1022 662 1159 701 odium
1189 659 1479 700 saturaveritis?

147 727 323 767 Liternus
363 727 477 778 igitur
512 729 691 774 Lentulo,
730 735 979 778 parentemus
1022 729 1211 778 Cethego,
1249 739 1477 766 revocemus
1497 729 1541 772 96

90 810 128 832 10
146 793 311 840 eiectos;
345 792 488 831 nimiae
506 792 658 842 pietatis
680 800 718 832 et
740 793 882 832 summi
904 793 1047 832 amoris
1072 794 1110 831 in
1128 791 1291 843 patriam
1308 791 1478 830 vicissim

147 872 219 897 nos
240 872 398 909 poenas,
421 858 451 896 si
473 858 525 896 ita
546 859 683 908 placet,
704 860 943 898 sufferamus.
1007 860 1092 897 Nos
1114 858 1190 896 iam
1211 858 1261 896 ab
1284 857 1478 896 indicibus

147 924 406 972 nominamur,
432 924 471 962 in
501 938 572 963 nos
603 924 766 963 crimina
798 926 1006 975 finguntur,
1031 924 1144 962 nobis·
1176 923 1346 974 pericula
1376 937 1479 962 com⁴

148 998 340 1040 parantur.
401 992 515 1039 Quae
540 990 569 1028 si
593 1004 660 1041 per
685 990 782 1029 alios
810 998 979 1041 agerent,
1004 990 1035 1028 si
1064 989 1235 1039 denique
1257 1002 1324 1039 per
1344 988 1480 1040 populi

147 1068 294 1093 nomen
345 1057 490 1094 civium
539 1055 808 1106 imperitorum
859 1056 1153 1095 multitudinem
1202 1054 1476 1102 concitassent,

92 1134 127 1166 ¹5
146 1121 331 1171 aequiore
357 1121 491 1160 animo
513 1123 609 1160 ferre
631 1135 863 1172 possemus,
893 1122 989 1160 illud
1011 1134 1101 1160 vero
1124 1120 1209 1159 ferri
1236 1134 1315 1159 non
1338 1127 1478 1171 potest,

147 1188 256 1238 quod
278 1200 345 1237 per
365 1195 563 1226 senatores
584 1195 621 1226 et
643 1201 710 1238 per
731 1188 881 1238 equites
900 1189 1115 1234 Romanos,
1140 1186 1206 1237 qui
1229 1188 1325 1225 haec
1348 1185 1481 1225 onmia

147 1266 218 1303 pro
257 1255 381 1291 salute
413 1253 591 1292 omnium
627 1254 829 1292 communi
871 1253 1046 1300 consilio,
1084 1267 1162 1291 una
1198 1260 1329 1291 mente
1362 1259 1481 1302 atque

148 1318 288 1358 virtute
321 1327 535 1369 gesserunt,
570 1320 708 1358 harum
740 1333 869 1358 rerum
900 1327 1090 1367 auctores,
1120 1320 1253 1365 duces,
1285 1317 1481 1368 principes

149 1384 304 1434 spoliari
332 1384 517 1422 omnibus
547 1384 711 1423 fortunis
742 1392 861 1435 atque
889 1384 1045 1423 civitate
1074 1383 1213 1434 expelli
1240 1396 1356 1433 posse
1384 1381 1482 1421 arbi-

91 1463 131 1486 20
149 1457 308 1488 trantur.
394 1449 551 1488 Etenim
605 1449 740 1500 populi
798 1449 969 1488 Romani
1025 1448 1265 1500 perspiciunt
1313 1449 1480 1486 eandem

150 1523 322 1554 mentem
369 1523 407 1554 et
452 1516 720 1563 voluntatem,
770 1515 954 1553 omnibus
1003 1515 1118 1553 rebus
1164 1513 1307 1563 quibus
1352 1520 1482 1563 potest

149 1582 318 1631 populus
360 1583 565 1619 Romanus
605 1580 797 1630 significat
838 1580 933 1630 quid
971 1580 1135 1627 sentiat,
1178 1580 1284 1617 nulla
1318 1578 1480 1617 varietas

150 1653 208 1684 est
226 1645 326 1684 inter
348 1646 528 1684 homines
550 1646 758 1696 opinionis,
777 1647 882 1684 nulla
905 1645 1127 1692 voluntatis,
1151 1646 1256 1683 nulla
1277 1643 1478 1683 sermonis.

151 1711 241 1758 Qua
261 1726 310 1758 re,
334 1711 365 1749 si
393 1711 479 1761 quis
508 1712 599 1750 illuc
627 1726 690 1751 me
711 1719 834 1759 vocat,
861 1711 1000 1759 venio,
1036 1712 1226 1761 populum
1254 1711 1480 1748 Romanum
1502 1721 1542 1756 97

92 1787 130 1821 25
150 1776 453 1827 disceptatorem
489 1791 569 1815 non
605 1778 726 1815 modo
763 1791 843 1816 non
876 1790 1014 1816 recuso
1046 1777 1115 1814 sed
1146 1775 1262 1814 etiam
1293 1776 1478 1825 deposco.

149 1842 219 1880 Vis
245 1842 358 1889 absit,
383 1844 525 1881 ferrum
547 1856 592 1881 ac
620 1842 769 1892 lapides
796 1850 1080 1889 removeantur,
1107 1854 1248 1891 operae
1276 1842 1478 1887 facessant,

150 1906 303 1945 servitia
334 1907 498 1953 sileant;
539 1920 657 1946 nemo
693 1907 762 1945 erit
793 1915 872 1945 tam
904 1907 1070 1946 iniustus
1102 1907 1168 1956 qui
1206 1919 1268 1944 me
1301 1904 1476 1952 audierit,

150 1971 198 2010 sit
226 1974 346 2011 modo
367 1973 464 2011 liber
485 1981 522 2011 et
543 1972 648 2020 civis,
673 1972 767 2023 quin
793 1972 923 2023 potius
946 1974 996 2011 de
1025 1971 1207 2023 praemiis
1235 1971 1331 2009 meis
1361 1984 1479 2020 quam

150 2038 200 2075 de
230 2051 358 2087 poena
385 2038 638 2087 cogitandum
666 2045 786 2088 putet.
847 2039 883 2077 O
909 2038 948 2078 di
977 2038 1243 2076 immortales!
1278 2035 1374 2086 quid
1404 2036 1480 2073 hoc
1499 2041 1553 2079 39

92 2116 132 2147 30
151 2102 357 2140 miserius?
412 2104 495 2140 Nos
535 2103 601 2152 qui
644 2104 684 2141 P.
724 2104 893 2141 Lentulo
933 2104 1074 2141 serrum
1115 2111 1152 2140 et
1193 2103 1390 2139 flammam
1430 2102 1480 2139 de

193 2207 212 2236 8
237 2216 296 2236 vos
313 2205 382 2236 edd.
407 2205 490 2238 VR:
517 2216 579 2237 nos
597 2205 651 2237 Σὺῑ
671 2217 677 2236 :
702 2217 766 2237 om.
787 2209 851 2237 cett.
992 2216 1025 2236 11
1056 2206 1101 2236 ita
1119 2206 1168 2236 dis
1187 2204 1297 2245 placet
1317 2203 1482 2244 Angelius

156 2260 190 2287 14
219 2249 355 2290 civium]
374 2260 448 2281 cum
469 2254 491 2281 Σ
628 2260 663 2288 17
689 2255 788 2289 atque
806 2253 878 2288 Σχτ
901 2259 940 2281 ac
957 2249 1006 2281 ὸς
1158 2260 1196 2288 19
1220 2259 1238 2278 e
1256 2248 1393 2278 civitate
1410 2246 1476 2277 cod.

151 2293 273 2323 Faerm'
427 2304 468 2324 ρο
493 2293 634 2324 eandem
656 2292 875 2325 Gulielmz'ns:
900 2303 972 2324 eam
1000 2293 1072 2333 [0111.
1094 2293 1141 2322 [1¹1
1160 2292 1247 2323 codd.
1265 2303 1272 2321 τ
1307 2291 1369 2321 iam
1388 2290 1479 2320 Nau-

129 2337 257 2375 .ger1'us
290 2340 321 2367 2⁸«
461 2347 501 2376 23
528 2337 700 2368 hominum
719 2338 901 2377 opiniones
918 2337 949 2366 [1¹
1084 2327 1209 2377 28lsit]
1229 2336 1256 2366 si
1274 2335 1305 2365 bl
