1716 2662
431 77 543 116 PRO
572 79 618 115 A.
652 78 904 117 CAECINA
936 79 1153 119 ORATIO
1399 92 1449 130 24
1471 87 1513 131 67

1469 180 1521 219 24

1470 230 1512 273 67

178 193 229 231 Et
277 193 353 230 hoc
399 193 488 231 loco
529 193 758 231 Scaevolam
793 191 923 231 dixisti
967 206 1126 232 causam
1171 196 1277 246 apud
1323 195 1450 234 cviros

123 270 204 296 non
231 256 428 305 tenuisse3
465 270 584 307 quem
619 270 693 308 ego
725 264 841 296 antea
875 259 1192 307 commemoravi,
1222 274 1312 298 cum
1344 259 1450 299 idem

122 323 265 361 faceret
286 324 395 373 quod
415 330 456 361 tu
478 322 796 362 nunc—tametsi
817 322 882 362 ille
907 323 947 362 in
968 323 1100 374 aliqua
1125 338 1244 364 causa
1269 325 1447 373 faciebat,

122 394 164 426 tu
193 387 233 426 in
267 388 374 426 nulla
407 387 692 426 facis—tamen
726 388 914 438 probasse
944 388 1093 427 nemini
1128 392 1236 440 quod
1267 391 1451 430 defende—

83 466 100 497 5
122 452 202 500 bat,
228 451 320 503 quia
340 452 468 491 verbis
495 465 723 502 oppugnare
743 452 982 503 aequitatem
1005 453 1220 494 videbatur.
1282 457 1384 495 Cum
1408 456 1449 495 id

121 517 249 564 miror,
273 524 311 556 te
331 518 408 556 hoc
434 517 474 555 in
495 519 568 555 hac
595 531 636 556 re
655 517 784 556 alieno
811 525 987 568 tempore
1009 526 1046 557 et
1067 527 1203 558 contra
1229 534 1347 570 quam
1377 521 1450 560 ista

120 596 238 621 causa
263 584 499 633 postulasset
528 582 762 630 defendisse,
786 590 869 621 tum
900 582 996 622 illud
1017 586 1132 634 volgo
1162 584 1201 623 in
1228 585 1382 625 iudiciis
1411 594 1449 626 et

119 661 202 686 non
221 661 439 698 numquam
459 647 510 686 ab
530 647 742 698 ingeniosis
763 648 991 687 hominibus
1013 649 1174 688 defendi
1195 650 1290 689 mihi
1307 651 1448 690 mirum

119 712 241 751 videri
272 714 381 759 solet,
418 726 493 751 nec
522 712 612 750 iuris
644 712 833 751 consultis
868 714 1035 752 concedi
1066 728 1140 753 nec
1171 715 1230 753 ius
1261 715 1373 755 civile
1407 717 1446 755 in

62 791 101 813 10
119 778 246 816 causis
275 792 429 829 semper
449 780 575 817 valere
602 786 791 828 oportere.
853 780 956 817 Nam
982 781 1058 818 hoc
1085 780 1153 830 qui
1179 780 1392 831 disputant,
1414 783 1445 821 si
1466 792 1506 824 68

118 842 159 882 id
188 842 326 882 dicunt
359 857 440 881 non
471 851 575 881 recte
603 844 753 894 aliquid
785 851 953 884 statuere
984 858 1051 883 eos
1083 845 1150 896 qui
1181 849 1446 894 consulantur,

118 921 199 947 non
242 910 319 947 hoc
362 909 509 947 debent
553 908 683 948 dicere
729 909 820 948 iuris
865 910 1067 959 consultis,
1107 912 1177 950 sed
1221 912 1449 951 hominibus

117 973 244 1012 stultis
265 973 526 1025 obtemperari
551 987 632 1012 non
657 981 860 1024 oportere,
890 974 949 1013 sin
976 974 1062 1014 illos
1083 984 1188 1015 recte
1211 978 1448 1027 respondere

117 1040 343 1077 concedunt
372 1046 411 1078 et
439 1038 550 1077 aliter
578 1038 739 1077 iudicari
765 1039 902 1079 dicunt
931 1049 1120 1091 oportere,
1155 1043 1255 1080 male
1285 1042 1446 1081 iudicari

59 1122 96 1155 15
116 1112 296 1154 oportere
325 1103 463 1143 dicunt
478 1118 489 1151 ,-
516 1117 648 1154 neque
675 1104 780 1142 enim
813 1104 894 1143 fieri
927 1113 1055 1156 potest
1080 1114 1122 1145 ut
1151 1107 1257 1146 aliud
1285 1107 1447 1146 iudicari

115 1170 167 1208 de
199 1169 291 1217 iure,
320 1169 427 1207 aliud
462 1169 689 1218 responderi
716 1177 904 1220 oporteat,
941 1184 1013 1209 nec
1044 1179 1086 1209 ut
1116 1171 1324 1222 quisquam
1355 1172 1446 1211 iuris

115 1242 344 1273 numeretur
359 1233 506 1285 peritus
527 1235 594 1284 qui
616 1234 656 1273 id
682 1242 825 1273 statuat
846 1249 931 1274 esse
953 1236 1010 1274 ius
1037 1238 1145 1286 quod
1167 1251 1246 1276 non
1268 1246 1446 1288 oporteat

115 1299 289 1339 iudicari.
351 1301 428 1337 ‘At
462 1307 521 1338 est
552 1299 768 1350 aliquando
799 1308 935 1340 contra
972 1301 1213 1341 iudicatum.'
1270 1303 1443 1342 Primum
1464 1308 1504 1350 69

115 1373 245 1404 utrum
284 1372 398 1412 recte,
435 1378 486 1403 an
524 1367 757 1415 perperam?
826 1366 865 1404 Si
905 1374 1019 1414 recte,
1063 1367 1103 1407 id
1142 1367 1213 1406 fuit
1245 1368 1304 1406 ius
1336 1371 1444 1419 quod

57 1450 97 1471 20
116 1430 332 1469 iudicatum
359 1438 443 1478 est3
471 1429 531 1468 sin
551 1430 672 1477 aliter,
695 1444 775 1469 non
803 1431 969 1470 dubium
992 1440 1049 1470 est
1071 1440 1199 1470 utrum
1225 1433 1374 1472 iudices
1394 1447 1443 1472 an

114 1494 206 1534 iuris
235 1495 404 1533 consulti
438 1495 686 1546 vituperandi
715 1495 802 1534 sint.
864 1496 1032 1544 Deinde,
1070 1497 1100 1535 si
1135 1499 1185 1536 de
1224 1497 1305 1537 iure
1338 1501 1444 1538 vario

114 1560 317 1611 quippiam
347 1560 563 1599 iudicatum
591 1569 660 1609 est,
689 1575 762 1599 non
792 1562 923 1612 potius
954 1570 1090 1601 contra
1121 1563 1212 1602 iuris
1242 1567 1442 1603 consultos

113 1634 300 1674 statuunt,
322 1628 353 1665 si
373 1626 484 1665 aliter
508 1627 805 1677 pronuntiatum
827 1635 885 1667 est
912 1641 958 1666 ac
981 1628 1118 1667 Mucio
1143 1629 1299 1679 placuit,
1323 1644 1441 1680 quam

113 1705 159 1730 ex
198 1705 333 1730 eorum
368 1692 610 1741 auctoritate,
650 1692 691 1741 si,
734 1701 776 1732 ut
817 1694 1004 1733 Manilius
1044 1695 1250 1743 statuebat,
1291 1695 1346 1734 sic
1385 1704 1442 1735 est

54 1777 93 1809 25
114 1757 340 1796 iudicatum.
400 1758 560 1797 Etenim
599 1758 682 1809 ipse
721 1760 884 1799 Crassus
928 1774 1008 1799 non
1047 1760 1100 1799 ita
1138 1774 1295 1799 causam
1334 1763 1441 1811 apud

112 1822 240 1861 cviros
293 1822 372 1872 egit
418 1831 460 1861 ut
509 1831 646 1861 contra
688 1823 779 1861 iuris
824 1826 1025 1863 consultos
1075 1827 1233 1874 diceret,
1280 1828 1349 1865 sed
1399 1834 1440 1865 ut

111 1888 187 1925 hoc
226 1888 396 1936 doceret,
438 1887 533 1926 illud
573 1890 680 1938 quod
720 1891 906 1927 Scaevola
945 1891 1194 1937 defendebat,
1236 1904 1317 1929 non
1356 1905 1441 1930 esse

154 2001 173 2021 2
197 2002 295 2031 quem
314 1991 393 2032 ego]
409 2002 506 2031 quam
524 1992 552 2022 T
648 1998 746 2024 antea
764 2004 831 2024 non
849 1996 1107 2026 commemoravi
1133 1995 1187 2028 (eo
1206 1997 1385 2027 memoravi
1403 1997 1438 2035 k>

111 2036 200 2073 quod
232 2035 346 2065 eodm:
380 2046 457 2066 corr.
486 2035 661 2066 flosomrm
813 2049 832 2076 4
858 2038 1002 2068 defende
1032 2038 1083 2069 T:
1122 2039 1286 2070 defendes
1319 2041 1385 2081 (ais
1409 2041 1439 2080 e)

110 2077 204 2108 EeM¹
222 2091 228 2108 :
261 2079 414 2109 defendis
430 2083 494 2109 cett.
514 2092 520 2110 :
545 2091 623 2111 corr.
643 2080 740 2110 Klotz
872 2083 893 2111 6
917 2086 949 2112 te
968 2082 1000 2111 in
1020 2082 1082 2112 bac
1101 2093 1137 2112 re
1155 2083 1218 2112 hoc
1243 2083 1272 2113 T
1402 2094 1440 2114 10

110 2122 174 2152 hoc
191 2123 247 2160 qui
271 2121 317 2152 T:
341 2123 396 2161 qui
415 2123 476 2153 hoc
495 2127 560 2153 cett.
686 2134 722 2153 12
748 2135 815 2154 non
834 2125 863 2156 θ’
879 2137 885 2155 :
910 2135 971 2155 nce
989 2130 1054 2156 cell.
1148 2127 1310 2157 consultis
1327 2126 1372 2158 erl.
1392 2126 1439 2158 V:

110 2165 220 2195 civilis
238 2166 276 2205 (-i
294 2166 338 2206 ς)
357 2165 445 2197 codd.
558 2177 594 2205 ¹4
613 2167 697 2198 male
716 2168 856 2198 iudicari
875 2169 926 2199 5‘:
952 2169 1035 2199 male
1055 2169 1204 2200 iudicare
1224 2173 1288 2201 ΝΜ.
1402 2181 1438 2209 15

110 2208 250 2239 iudicari
269 2209 312 2239 k:
341 2209 488 2239 iudicare
505 2213 570 2240 cell.
685 2222 726 2241 22
751 2212 922 2251 quippiam
944 2211 989 2242 T:
1014 2213 1184 2252 quidpiam
1204 2218 1267 2244 cell.
1296 2237 1298 2239 v
1371 2224 1438 2244 non

109 2252 216 2292 suppl.
234 2252 400 2292 Angelius
557 2263 598 2293 23
622 2259 779 2285 statutum
799 2260 850 2285 est
868 2255 895 2286 si
913 2255 1014 2285 Klotz
1135 2256 1262 2296 placuit
1282 2257 1390 2288 Mucio
1415 2257 1444 2288 T

110 2304 150 2333 24
177 2295 204 2324 si
223 2299 258 2325 ut
280 2295 329 2326 T:
363 2296 448 2327 sicut
473 2300 537 2327 cett.
640 2298 785 2329 Manlius
811 2298 840 2328 T
924 2304 975 2329 est
1000 2299 1181 2331 iudicatum
1207 2305 1259 2331 est
1282 2301 1312 2331 T
1397 2302 1439 2331 26

110 2348 137 2368 c.
159 2337 240 2376 Mu:
265 2345 398 2370 centum
416 2340 468 2370 (ἵε
491 2351 556 2371 om.
582 2340 653 2371 TEe
786 2352 825 2381 27
852 2342 913 2372 hoc
933 2343 1059 2373 diceret
1081 2343 1110 2373 T
