1747 2620
193 73 230 101 11
256 78 294 108 3²
627 64 683 102 M.
714 63 883 101 TVLLI
914 62 1222 102 CICERONIS

189 648 226 679 33

185 1034 226 1062 12

254 175 480 224 Caecinam,
503 189 594 214 cum
615 176 666 214 ad
687 173 942 213 constitutam
964 174 1070 213 diem
1091 181 1329 225 tempusque
1349 173 1519 214 venisset
1539 179 1583 215 ut

252 242 308 280 vis
335 255 381 280 ac
405 241 593 280 deductio
622 241 796 278 moribus
824 241 942 287 fieret,
966 241 1124 290 pulsum
1145 239 1468 291 prohibitumque
1498 254 1584 280 esse

251 307 287 346 vi
322 307 467 345 coactis
501 306 729 345 hominibus
761 313 799 344 et
830 305 999 344 armatis,
1060 306 1164 344 Cum
1194 306 1270 344 hoc
1300 313 1464 353 constet,
1496 320 1581 357 ego,

253 374 374 411 homo
404 372 606 423 imperitus
638 371 740 419 iuris,
774 371 929 421 ignarus
959 371 1208 421 negotiorum
1238 384 1284 409 ac
1313 371 1450 420 litium,
1480 373 1584 411 hanc

251 445 348 488 puto
383 452 444 476 me
479 424 625 476 habere
658 436 868 484 actionem,
902 444 944 474 ut
975 450 1044 487 per
1077 435 1331 475 interdictum
1362 451 1494 475 meum
1524 437 1620 481 ius5

251 510 406 540 teneam
427 510 547 552 atque
571 501 753 540 iniuriam
781 509 889 539 tuam
920 514 1144 551 persequar.
1203 502 1282 540 Fac
1303 501 1342 539 in
1363 502 1438 540 hoc
1459 515 1583 540 errare

250 581 313 606 me
345 581 418 606 nec
448 569 528 606 ullo
561 568 683 606 modo
710 580 827 617 posse
856 580 925 617 per
958 568 1035 605 hoc
1065 566 1318 605 interdictum
1348 566 1389 605 id
1418 567 1583 617 adsequi

249 635 357 683 quod
384 633 498 672 velim
518 647 528 681 5
558 640 596 672 te
618 632 673 671 uti
694 632 734 670 in
755 633 829 670 hac
850 645 890 670 re
917 631 1104 682 magistro
1128 633 1231 671 volo.
1292 633 1451 681 Quaero
1481 632 1582 671 sitne

248 698 379 748 aliqua
408 698 523 737 huius
554 698 608 737 rei
638 698 742 736 actio
770 711 821 736 an
856 699 973 736 nulla.
1034 697 1255 736 Convocari
1286 698 1467 736 homines
1497 712 1582 748 pro-

250 771 335 813 pter
355 764 616 814 possessionis
638 763 944 802 controversiam
965 776 1047 801 non
1064 770 1230 814 oportet,
1248 763 1388 802 armari
1410 763 1581 801 multitu·
1602 777 1642 800 10

251 828 385 867 dinem
415 829 507 867 iuris
539 828 734 867 retinendi
764 842 882 867 causa
914 842 995 867 non
1026 828 1236 877 convenit3
1265 843 1339 868 nec
1374 828 1446 867 iuri
1476 829 1581 880 quic-

251 907 370 944 quam
409 902 488 932 tam
528 893 732 932 inimicum
772 907 892 944 quam
931 893 988 932 vis
1027 908 1101 933 nec
1139 894 1329 944 aequitati
1368 894 1581 945 quicquam

251 967 331 999 tam
379 959 564 999 infestum
607 967 666 999 est
706 973 826 1010 quam
871 959 1079 998 convocati
1127 959 1309 998 homines
1348 967 1387 998 et
1431 959 1579 999 armati.

252 1027 374 1074 Quod
394 1039 485 1064 cum
506 1025 560 1064 ita
586 1025 634 1064 sit
661 1038 801 1075 resque
832 1024 915 1063 eius
945 1023 1054 1063 modi
1075 1024 1124 1063 sit
1144 1031 1187 1063 ut
1207 1023 1247 1062 in
1268 1023 1402 1075 primis
1423 1038 1446 1063 a
1466 1024 1583 1075 magi-

250 1091 434 1130 stratibus
464 1090 815 1130 animadvertenda
835 1088 1024 1137 videatur,
1047 1088 1188 1128 iterum
1209 1103 1357 1140 quaero
1377 1089 1478 1129 sitne
1499 1089 1582 1129 eius
1603 1106 1641 1140 15

249 1157 305 1195 rei
343 1156 474 1207 aliqua
508 1156 612 1195 actio
650 1170 701 1195 an
740 1157 857 1195 nulla.
917 1156 1080 1195 Nullam
1116 1169 1202 1194 esse
1236 1155 1376 1195 dices?
1431 1156 1583 1196 Audire

249 1222 378 1273 cupio,
401 1221 467 1272 qui
489 1222 528 1260 in
550 1235 647 1272 pace
668 1229 706 1261 et
727 1220 819 1269 otio,
843 1234 934 1259 cum
962 1234 1124 1259 manum
1145 1220 1290 1269 fecerit,
1313 1221 1447 1272 copias
1477 1235 1584 1273 para-

249 1287 306 1336 rit,
339 1287 633 1326 multitudinem
675 1286 883 1325 hominum
923 1285 1105 1336 coegerit,
1136 1286 1305 1334 armarit,
1346 1286 1580 1336 instruxerit,

249 1353 430 1391 homines
451 1353 621 1392 inermos
651 1352 717 1403 qui
747 1353 798 1391 ad
825 1350 1083 1395 constitutum
1104 1350 1331 1402 experiendi
1351 1351 1442 1390 iuris
1461 1352 1583 1403 gratia

250 1418 447 1457 venissent
467 1418 595 1466 armis,
620 1418 721 1465 viris,
744 1426 890 1456 terrore
919 1416 1175 1467 periculoque
1200 1416 1336 1455 mortis
1356 1418 1579 1468 reppulerit,
1603 1435 1644 1457 20

191 1498 231 1530 34
250 1484 399 1534 fugarit,
440 1483 630 1532 averterit,
674 1485 750 1523 hoc
790 1482 915 1522 dicat:
967 1481 1082 1520 ‘Feci
1118 1481 1304 1533 equidem
1343 1496 1445 1534 quae
1483 1484 1582 1523 dicis

250 1549 393 1597 omnia,
417 1557 455 1589 et
479 1563 524 1589 ea
549 1556 640 1588 sunt
670 1556 708 1588 et
734 1548 959 1587 turbulenta
984 1554 1022 1586 et
1051 1547 1255 1586 temeraria
1283 1555 1322 1587 et
1349 1548 1579 1600 periculosa.

249 1614 359 1662 Quid
391 1629 483 1666 ergo
515 1616 605 1654 est?
641 1614 802 1665 impune
833 1613 906 1652 feci
922 1628 933 1662 3
967 1627 1059 1652 nam
1092 1612 1189 1664 quid
1220 1626 1311 1663 agas
1346 1627 1504 1654 mecum
1535 1629 1582 1654 ex

248 1680 330 1720 iure
351 1680 452 1720 civili
479 1694 525 1720 ac
555 1680 750 1731 praetorio
772 1693 853 1719 non
874 1679 1022 1718 habes!
1093 1680 1206 1718 Itane
1226 1681 1351 1718 vero?
1380 1693 1580 1731 recupera-

248 1754 362 1793 tores,
386 1748 462 1785 hoc
483 1760 552 1785 vos
580 1745 747 1784 audietis
777 1753 815 1784 et
842 1746 950 1795 apud
970 1758 1039 1783 vos
1062 1743 1139 1783 dici
1161 1743 1364 1795 patiemini
1395 1745 1577 1796 saepius?
1598 1760 1637 1792 25

250 1813 353 1852 Cum
375 1812 540 1851 maiores
562 1811 684 1850 nostri
706 1818 814 1851 tanta
835 1810 1036 1861 diligentia
1065 1810 1354 1860 prudentiaque
1373 1811 1517 1850 fuerint
1536 1820 1579 1850 ut

249 1877 382 1916 omnia
398 1876 576 1917 omnium
599 1890 679 1915 non
702 1878 824 1915 modo
845 1884 1041 1915 tantarum
1063 1889 1191 1914 rerum
1212 1876 1283 1914 sed
1303 1875 1421 1914 etiarn
1439 1876 1581 1915 tenuis-

248 1943 433 1981 simarum
463 1943 545 1982 iura
575 1941 780 1981 statuerint
809 1941 1083 1992 persecutique
1104 1941 1192 1989 sint,
1216 1942 1293 1980 hoe
1312 1955 1436 1992 genus
1456 1956 1580 1981 unum

248 2010 308 2047 vel
341 2007 553 2046 maximum
590 2006 957 2058 praetermitterent,
987 2014 1040 2054 ut,
1070 2006 1102 2044 si
1131 2005 1199 2057 qui
1231 2020 1295 2045 me
1324 2006 1427 2046 exire
1458 2008 1581 2047 domo

296 2122 309 2142 1
338 2113 555 2143 constitutum
576 2110 764 2141 Lambinus
895 2120 915 2150 3
938 2110 969 2141 vi
985 2110 1067 2141 actis
1088 2110 1118 2141 T
1252 2121 1290 2151 13
1313 2114 1518 2146 convocari.
1537 2139 1546 2147 .
1568 2139 1577 2147 .

249 2155 370 2186 armari
388 2155 437 2185 c²le
586 2164 623 2192 15
647 2154 802 2185 videatur
825 2153 903 2185 TE:
928 2163 1003 2184 esse
1018 2154 1172 2184 videatur
1187 2158 1251 2187 cett.
1400 2159 1438 2187 16
1464 2158 1580 2189 audire

249 2202 321 2229 ante
338 2199 463 2229 nullam
482 2199 556 2230 hab.
579 2197 610 2228 T
725 2208 764 2237 19
790 2199 937 2228 inermos
954 2198 1009 2237 qui
1028 2208 1096 2238 mg.
1114 2196 1293 2229 Lambini:
1317 2199 1501 2240 inermosq;
1532 2201 1580 2233 T:

250 2244 397 2273 inermes
412 2243 467 2281 qui
486 2243 535 2273 5‘:
559 2242 776 2281 inermesque
792 2245 857 2272 cett.
947 2241 1146 2280 experiundi
1165 2241 1251 2272 codd.
1276 2243 1336 2281 (ita
1355 2247 1369 2281 ς
1388 2244 1445 2285 39)
1537 2253 1580 2285 23

250 2296 326 2317 nam
346 2286 434 2326 quod
453 2286 586 2316 Ernesti
732 2286 774 2316 28
800 2285 863 2316 hoe
882 2283 1093 2316 Lambinus:
1119 2290 1155 2316 ut
1172 2285 1234 2317 hoc
1252 2285 1340 2318 codd.
