1716 2662
59 473 76 505 5

43 805 82 827 10

42 1462 84 1484 20

405 89 516 128 PRO
548 90 594 127 A.
627 89 880 128 CAECINA
909 90 1128 128 ORATIO
1382 101 1426 138 13
1445 96 1486 136 38

97 212 194 238 num
232 197 380 238 iudicio
418 199 635 250 approbata
668 197 854 247 videatur,
890 197 930 237 in
961 212 1041 250 quo
1075 198 1223 238 iudicio
1256 214 1337 239 non
1376 202 1426 240 de

98 264 214 304 armis
248 264 473 304 dubitatum
513 266 583 304 sed
621 267 672 304 de
706 264 833 304 verbis
865 265 1087 316 quaesitum
1127 280 1213 305 esse
1247 266 1427 305 dicatur?

100 331 192 370 Isne
211 331 318 380 apud
338 343 408 369 vos
430 330 625 369 obtinebit
646 344 805 369 causam
827 345 938 369 suam
959 330 1027 382 qui
1048 345 1089 370 se
1110 331 1163 370 ita
1183 331 1427 370 defenderit:

101 395 241 434 ‘reieci
269 409 342 446 ego
378 404 416 435 te
448 396 604 434 armatis
635 396 875 444 hominibus,
908 410 990 435 non
1020 396 1171 445 deieci,'
1203 405 1245 436 ut
1273 404 1425 436 tantum

98 461 248 500 facinus
270 475 350 501 non
378 461 418 500 in
447 461 644 512 aequitate
672 461 924 509 defensionis,
947 463 1017 501 sed
1047 461 1086 500 in
1117 476 1196 502 una
1224 462 1350 502 littera
1378 464 1428 501 la-

98 526 218 566 tuisse
256 528 467 566 videatur?
523 527 704 566 Huiusce
742 528 797 566 rei
830 541 900 567 vos
938 528 1116 566 statuetis
1155 530 1303 566 nullam
1343 542 1428 567 esse
1448 542 1489 575 39

98 593 307 641 actionem,
334 595 488 632 nullum
509 593 733 644 experiendi
759 594 818 632 ius
847 594 1118 642 constitutum,
1140 594 1208 645 qui
1235 594 1429 633 obstiterit

98 658 255 698 armatis
295 659 534 706 hominibus,
570 658 637 710 qui
676 659 929 698 multitudine
965 668 1103 698 coacta
1140 673 1221 697 non
1255 658 1426 707 introitu,

100 726 169 764 sed
209 724 373 763 omnino
413 724 522 764 aditu
562 724 789 775 quempiam
827 724 1104 775 prohibuerit?
1161 724 1271 774 Quid
1309 727 1493 776 ergo?14

101 792 176 829 hoc
206 803 326 841 quam
347 790 467 829 habet
487 790 580 838 vim,
601 798 643 829 ut
664 789 807 828 distare
826 789 976 840 aliquid
1003 798 1071 828 aut
1091 804 1138 829 ex
1163 790 1294 841 aliqua
1322 798 1429 841 parte

100 855 254 894 differre
274 856 463 904 videatur,
485 864 628 904 utrum,
651 857 794 907 pedem
816 869 906 894 cum
934 855 1102 894 intulero
1134 863 1252 906 atque
1277 855 1317 894 in
1344 869 1430 907 pos-

99 920 275 959 sessione
290 920 499 971 vestigium
519 922 659 969 fecero,
679 929 763 959 tum
783 922 955 971 expellar
974 934 1021 959 ac
1041 920 1198 968 deiciat,
1218 935 1268 959 an
1289 923 1428 960 eadem

100 986 137 1025 vi
165 994 203 1025 et
233 986 359 1025 isdem
388 986 505 1025 armis
535 985 631 1024 mihi
661 994 752 1025 ante
781 994 1016 1033 occurratur,
1041 1000 1091 1025 ne
1118 1000 1200 1025 non
1226 988 1347 1025 modo
1377 986 1431 1025 in-

103 1060 203 1090 trare
232 1065 367 1090 verum
397 1051 572 1102 aspicere
600 1059 668 1090 aut
697 1051 866 1102 aspirare
894 1051 1077 1101 possim?
1136 1051 1244 1101 Quid
1274 1053 1350 1090 hoc
1379 1053 1429 1091 ab

101 1117 168 1155 illo
189 1117 327 1164 differt,
347 1124 390 1155 ut
407 1116 472 1155 ille
492 1124 653 1167 cogatur
678 1116 881 1154 restituere
900 1115 968 1166 qui
989 1115 1206 1166 ingressum
1229 1117 1427 1167 expulerit,

101 1182 165 1220 ille
194 1181 262 1232 qui
292 1180 577 1231 ingredientem
602 1180 814 1231 reppulerit
834 1194 915 1219 non
936 1183 1129 1231 cogatur?
1185 1181 1339 1230 Videte,
1363 1196 1432 1234 per
1449 1202 1492 1234 40

100 1249 198 1286 deos
219 1246 449 1285 immortalis
467 1249 475 1285 !
509 1247 619 1297 quod
636 1246 695 1284 ius
717 1245 843 1293 nobis,
863 1259 983 1296 quam
1005 1246 1284 1285 condicionem
1306 1247 1432 1286 vobis-

101 1320 182 1351 met
211 1312 315 1362 ipsis,
338 1325 457 1362 quam
487 1311 661 1361 denique
691 1310 836 1349 civitati
868 1312 994 1361 legem
1021 1311 1261 1351 constituere
1293 1313 1428 1352 velitis.

103 1377 285 1416 Huiusce
303 1377 455 1428 generis
477 1390 555 1416 una
576 1384 634 1415 est
661 1376 763 1415 actio
790 1389 858 1426 per
883 1377 960 1414 hoc
984 1376 1237 1416 interdictum
1258 1391 1337 1429 quo
1358 1392 1430 1417 nos

102 1442 162 1481 usi
183 1456 318 1481 sumus
347 1442 586 1490 constituta,·
615 1455 660 1481 ea
680 1442 712 1480 si
733 1442 830 1480 nihil
852 1443 953 1480 valet
979 1450 1046 1481 aut
1074 1442 1106 1481 si
1136 1444 1187 1482 ad
1216 1445 1318 1483 hanc
1348 1458 1429 1483 rem

101 1522 182 1547 non
212 1509 390 1559 pertinet,
414 1508 510 1559 quid
531 1509 798 1559 neglegentius
818 1516 886 1546 aut
907 1507 1002 1558 quid
1033 1508 1187 1547 stultius
1216 1510 1429 1549 maioribus

101 1574 244 1614 nostris
264 1574 342 1613 dici
364 1582 504 1625 potest,
528 1574 596 1625 qui
620 1582 687 1612 aut
715 1581 847 1612 tantae
875 1573 928 1612 rei
954 1574 1283 1624 praetermiserint
1311 1576 1430 1615 actio-

100 1654 192 1679 nem
222 1647 290 1678 aut
318 1654 406 1678 eam
441 1639 714 1678 constituerint
746 1653 848 1689 quae
883 1653 1135 1689 nequaquam
1175 1640 1268 1679 satis
1302 1641 1429 1680 verbis

101 1719 262 1744 causam
291 1713 330 1744 et
359 1706 551 1744 rationem
577 1705 669 1744 iuris
694 1706 1026 1755 amplecteretur?
1084 1706 1178 1743 Hoc
1198 1714 1257 1744 est
1282 1706 1430 1757 pericu—

101 1773 245 1819 losum,
277 1771 437 1810 dissolvi
477 1773 552 1810 hoc
591 1772 854 1818 interdictum,
893 1779 950 1809 est
989 1770 1208 1821 captiosum
1244 1772 1428 1813 omnibus

100 1851 181 1876 rem
213 1839 333 1875 ullam
358 1837 544 1875 constitui
572 1839 655 1876 eius
687 1836 795 1874 modi
825 1849 937 1886 quae,
961 1849 1052 1874 cum
1081 1837 1198 1875 armis
1228 1846 1336 1886 gesta
1366 1837 1426 1886 sit,

101 1902 272 1941 rescindi
299 1903 381 1940 iure
413 1916 495 1941 non
525 1902 676 1953 possit,·
705 1915 839 1940 verum
872 1909 1004 1939 tamen
1040 1901 1136 1940 illud
1166 1910 1224 1940 est
1254 1903 1426 1953 turpissi-

101 1982 221 2015 mum,
245 1974 376 2006 tantae
397 1966 583 2006 stultitiae
604 1965 930 2018 prudentissimos
956 1965 1137 2005 homines
1159 1968 1426 2016 condemnari,

148 2082 160 2102 1
188 2072 373 2111 approbata
407 2071 445 2110 P,
474 2071 647 2102 Hotoman
662 2084 668 2102 ε
701 2070 922 2111 opprobatum
956 2070 1066 2110 (appr.
1094 2070 1151 2110 εἴ)
1180 2075 1244 2102 fell.
1409 2084 1427 2112 4

101 2115 208 2145 deieci
227 2114 354 2145 Kellr'r:
388 2115 472 2145 eieci
491 2115 594 2152 codd„
614 2115 786 2155 Rufinian.
810 2117 824 2150 ξ,
843 2115 864 2144 6
954 2118 986 2144 te
1004 2124 1068 2153 ego
1091 2113 1122 2144 T
1270 2125 1288 2153 5
1314 2116 1429 2146 defen-

101 2158 220 2199 sionis]
241 2159 322 2188 iuris
339 2159 514 2198 Rufinian.
591 2170 607 2198 7
634 2159 759 2190 nullum
784 2157 877 2188 TEe:
902 2157 982 2187 nulli
1000 2161 1065 2189 cell.
1086 2156 1168 2197 gPl)
1227 2159 1428 2198 experiundi

101 2201 190 2232 codd.
295 2212 333 2232 10
359 2202 422 2232 hoc
433 2213 498 2232 om.
511 2202 544 2231 P
646 2208 681 2234 ut
707 2203 830 2232 distare
850 2200 978 2240 Peyron
996 2211 1004 2231 ε
1020 2210 1052 2230 v-
1072 2210 1137 2231 ms·
1151 2211 1221 2232 ΛΚΕ
1240 2200 1291 2234 P:
1315 2206 1352 2232 ut
1369 2203 1429 2233 ista

102 2256 137 2276 re
150 2249 213 2276 cett.
271 2256 312 2276 ex
323 2245 492 2285 aliquaP:
509 2246 619 2285 aliqua
631 2257 673 2276 ex
687 2249 752 2277 cett.
816 2255 850 2274 11
872 2243 1132 2283 possessioneP
1149 2257 1155 2275 :
1173 2246 1428 2284 possessionem

103 2291 169 2329 (fes
191 2288 231 2327 T)
252 2293 316 2320 cett.
477 2299 514 2319 12
537 2300 574 2320 ac
592 2289 705 2320 PTE:
731 2294 832 2328 atque
848 2291 913 2319 cett.
1049 2298 1091 2318 an
1109 2287 1224 2319 PTE:
1249 2299 1291 2319 an
1311 2289 1342 2319 in
1360 2293 1425 2321 cett.

106 2342 143 2370 14
167 2332 246 2371 quid
263 2331 310 2364 P:
337 2334 393 2372 qui
411 2336 473 2364 cett.
603 2344 644 2372 24
668 2334 732 2364 hoc
749 2336 802 2363 est
820 2330 1043 2371 periculosum
1061 2331 1112 2362 P:
1137 2332 1359 2371 periculosum
1378 2330 1428 2364 est

103 2380 171 2408 cett.
298 2386 336 2414 27
363 2377 441 2407 illud
459 2382 512 2408 est
529 2382 616 2417 turp.
634 2376 752 2408 PTE:
777 2380 828 2406 est
845 2380 932 2414 turp.
953 2374 1032 2406 illud
1049 2379 1113 2406 cett.
