1716 2662
354 113 428 150 DE
460 112 606 150 LEGE
637 112 896 150 AGRARIA
927 112 1145 151 ORATIO
1178 114 1218 150 ΙΙ
1423 123 1507 160 510

118 232 176 262 tas
209 237 292 263 esse
326 224 441 263 video
476 223 528 263 rei
559 222 741 273 publicae
769 222 886 273 partis
917 223 1159 262 constitutas.
1223 225 1372 274 Itaque,
1407 233 1447 262 ut
1474 240 1503 259 11

119 289 230 327 initio
265 289 359 327 mihi
391 289 597 339 designato
626 288 778 327 consuli
813 288 1067 327 nuntiabatur
1100 289 1225 338 legem
1260 290 1446 339 agrariam

118 354 297 394 tribunos
318 355 444 405 plebis
465 354 691 404 designatos
713 354 973 402 conscribere,
999 354 1207 404 cupiebam
1231 355 1326 405 quid
1347 356 1448 406 cogi-

117 427 243 458 tarent
264 433 525 469 cognoseere3
556 419 702 458 etenim
722 419 947 466 arbitrabar,
969 420 1157 469 quoniam
1179 422 1320 459 eodem
1341 434 1447 459 anno

79 485 275 534 5gerendi
317 484 430 522 nobis
467 492 597 523 essent
638 484 895 534 niagistratUS‚
930 498 1015 523 esse
1055 485 1226 535 aliquam
1267 494 1446 536 oportere

117 549 216 587 inter
255 563 326 587 nos
366 550 419 588 rei
459 550 640 600 publicae
681 550 782 588 bene
827 550 1163 589 administrandae
1204 551 1441 589 societatem.

117 614 220 653 Cum
253 614 491 653 familiariter
525 628 588 653 me
622 615 662 652 in
697 628 834 653 eorum
865 628 1087 654 sermonem
1127 615 1365 654 insinuarem
1399 629 1445 654 ac
1470 631 1504 653 12

115 679 265 726 darem,
286 679 450 725 celabar‚
475 679 725 727 excludebar,
742 687 791 727 et,
815 692 906 718 cum
923 681 1184 728 ostenderem,
1210 681 1239 719 si
1261 682 1321 719 lex
1342 681 1444 719 utilis

116 743 220 794 plebi
257 745 463 783 Romanae
494 744 590 782 mibi
621 745 828 792 videretur,
858 752 1060 784 auctorem
1093 759 1155 784 me
1187 755 1305 796 atque
1338 746 1445 784 adiu-

61 824 95 847 10
115 816 239 847 torem
279 810 463 856 futurum,
504 817 637 848 tamen
682 810 993 860 aspernabantur
1032 812 1135 849 hanc
1174 811 1444 850 liberalitatem

116 887 243 912 meam
260 889 270 922 ,-
312 875 509 925 negabant
542 888 605 913 me
636 875 781 914 adduci
818 889 934 926 posse
969 884 1009 914 ut
1046 877 1166 914 ullam
1201 877 1443 927 largitionem

116 939 332 988 probarem.
394 939 532 978 Finem
554 939 627 978 feci
650 940 840 979 offerendi
862 940 938 979 mei
961 954 1010 979 ne
1031 941 1130 979 forte
1150 955 1238 980 mea
1259 942 1445 981 sedulitas

113 1011 181 1042 aut
202 1004 390 1042 insidiosa
413 1013 479 1043 aut
508 1005 720 1055 impudens
742 1005 947 1044 videretur.
1009 1008 1165 1046 Interea
1186 1020 1266 1046 non
1287 1008 1446 1046 desiste-

114 1070 209 1107 bant
240 1071 340 1107 clam
371 1071 470 1108 inter
501 1084 542 1108 se
572 1071 793 1119 convenire,
817 1071 986 1122 privatos
1016 1074 1212 1122 quosdam
1243 1073 1441 1119 adhibere,

58 1149 93 1181 15
114 1135 165 1172 ad
196 1148 287 1172 suos
317 1143 453 1173 coetus
475 1137 651 1174 occultos
677 1144 835 1175 noctem
865 1136 1078 1186 adiungere
1109 1146 1146 1175 et
1177 1138 1441 1176 solitudinem.

116 1202 272 1251 Quibus
305 1203 421 1241 rebus
453 1210 603 1253 quanto
635 1203 672 1241 in
705 1212 812 1242 metu
845 1204 1043 1251 fuerimus,
1077 1218 1123 1243 ex
1152 1212 1278 1243 vestra
1308 1205 1446 1243 sollici-

114 1267 251 1306 tudine
280 1267 319 1305 in
347 1281 425 1318 qua
452 1268 526 1306 illis
554 1268 799 1319 temporibus
830 1269 954 1307 fuistis
983 1269 1095 1308 facile
1124 1270 1289 1320 adsequi
1316 1270 1444 1309 conie-

113 1341 222 1371 ctura
250 1333 437 1383 poteritis,
500 1335 645 1372 Ineunt
667 1336 826 1373 tandem
849 1334 1094 1384 magistratus
1116 1334 1260 1373 tribuni
1290 1336 1416 1386 plebis
1434 1351 1444 1384 ,-
1465 1347 1503 1378 13

114 1398 248 1436 contio
277 1406 524 1448 exspectatur
554 1401 595 1437 P.
622 1399 739 1446 Rulli,
763 1401 872 1449 quod
901 1407 939 1437 et
963 1399 1143 1450 princeps
1174 1408 1254 1438 erat
1274 1401 1443 1451 agrariae

54 1477 95 1498 20
114 1463 208 1513 legis
229 1471 267 1502 et
287 1464 545 1502 truculentius
562 1477 603 1503 se
623 1465 781 1514 gerebat
798 1478 916 1514 quam
934 1464 1063 1502 ceteri.
1115 1466 1200 1503 Iam
1217 1465 1442 1516 designatus

112 1529 190 1567 alio
219 1531 338 1576 voltu,
371 1529 449 1567 alio
478 1529 586 1568 vocis
617 1543 725 1577 sono,
755 1530 833 1568 alio
865 1530 1020 1568 incessu
1053 1543 1138 1569 esse
1167 1531 1440 1578 meditabatur,

112 1594 254 1633 vestitu
286 1595 534 1641 obsoletiore,
572 1609 736 1646 corpore
767 1596 915 1634 inculto
950 1605 987 1635 et
1022 1597 1191 1644 horrido,
1228 1598 1443 1648 capillatior

112 1674 230 1710 quam
263 1668 354 1699 ante
385 1660 585 1710 barbaque
618 1660 774 1707 maiore,
799 1669 841 1699 ut
872 1661 996 1700 oculis
1025 1670 1062 1700 et
1093 1670 1255 1712 aspectu
1289 1664 1441 1701 denun—

111 1725 206 1763 tiare
227 1725 412 1763 omnibus
433 1725 512 1763 vim
541 1724 789 1764 tribuniciam
811 1733 849 1764 et
871 1726 1039 1764 minitari
1062 1727 1115 1765 rei
1132 1727 1313 1777 publicae
1333 1728 1438 1766 vide-

54 1808 91 1839 25
112 1799 225 1829 retur.
300 1793 447 1841 Legem
486 1790 657 1828 hominis
697 1790 1006 1842 contionemque
1039 1793 1341 1842 exspectabam;
1381 1795 1441 1831 lex

111 1855 223 1893 initio
254 1857 362 1894 nulla
391 1854 634 1905 proponitur,
657 1855 886 1894 contionem
917 1856 957 1894 in
983 1856 1108 1906 pridie
1136 1858 1232 1895 Idus
1258 1858 1440 1896 advocari

112 1921 229 1959 iubet.
290 1922 453 1959 Summa
487 1933 577 1958 cum
613 1921 906 1970 exspectatione
946 1921 1199 1961 concurritur.
1261 1923 1439 1973 Explicat

111 1986 330 2025 orationem
360 1999 453 2025 sane
478 1986 635 2035 longam
665 1993 702 2023 et
723 1986 850 2024 verbis
871 1987 985 2025 valde
1010 1987 1135 2026 bonis.
1194 1989 1328 2026 Vnum
1359 1996 1439 2026 erat

110 2053 219 2102 quod
251 2050 347 2090 mihi
382 2051 567 2090 vitiosum
598 2050 815 2099 videbatur,
853 2053 961 2102 quod
996 2059 1103 2091 tanta
1142 2066 1188 2092 ex
1222 2053 1439 2103 frequentia

156 2165 169 2185 1
198 2155 245 2185 rei
272 2154 323 2196 p.]
348 2165 378 2194 p.
407 2165 432 2186 r.
453 2154 489 2184 N
619 2130 740 2195 partis]
765 2165 882 2194 parum
909 2154 1000 2196 (add.
1018 2166 1043 2187 s.
1064 2156 1084 2187 Ι.
1103 2155 1219 2196 utiles)
1242 2155 1293 2187 E:
1319 2157 1438 2196 partim

111 2199 210 2229 utiles
227 2209 242 2228 e
378 2209 411 2229 11
439 2198 528 2229 illam
545 2209 619 2238 ωχιι.
755 2200 793 2229 16
817 2199 915 2230 rebus
931 2199 960 2239 k,
980 2198 1171 2240 Naugerius
1189 2201 1238 2241 (1)
1254 2211 1261 2230 :
1287 2201 1321 2230 in
1339 2199 1440 2231 rebus

110 2247 176 2273 cett.
342 2252 378 2281 19
402 2243 514 2272 contio
531 2242 562 2278 k,
580 2241 790 2272 Lambinus:
816 2242 929 2273 contio
947 2243 1082 2273 tandem
1098 2247 1164 2275 cett.
1182 2254 1188 2273 :
1213 2243 1326 2274 contio
1343 2243 1440 2274 valde

111 2284 232 2315 Miiller
319 2291 535 2325 exspectatur
550 2285 579 2324 k,
605 2284 819 2316 Gulielmius:
846 2290 1043 2325 exspectata
1059 2290 1125 2317 cell.
1145 2298 1150 2316 :
1175 2291 1228 2318 est
1245 2291 1439 2326 exspectata

110 2329 210 2359 Klotz
342 2339 382 2358 22
409 2328 612 2360 obsoletiore
630 2329 682 2360 (ἵε
705 2329 933 2361 obsolentiorc
953 2330 1034 2370 (fior
1048 2329 1100 2371 N>
1118 2334 1182 2362 cett.
1341 2331 1382 2361 26
1406 2329 1438 2361 in

110 2372 218 2413 pridie
237 2371 318 2403 Idus
335 2371 474 2413 Madvig
489 2384 495 2404 ς
522 2373 556 2403 in
574 2372 691 2412 primis
708 2371 795 2405 codd.
