<?xml version="1.0" encoding="UTF-8"?>
<!DOCTYPE html PUBLIC "-//W3C//DTD XHTML 1.0 Transitional//EN"
    "http://www.w3.org/TR/xhtml1/DTD/xhtml1-transitional.dtd">
<html xmlns="http://www.w3.org/1999/xhtml" xml:lang="en" lang="en">
 <head>
  <title>
</title>
<meta http-equiv="Content-Type" content="text/html;charset=utf-8" />
  <meta name='ocr-system' content='tesseract 3.04.00' />
  <meta name='ocr-capabilities' content='ocr_page ocr_carea ocr_par ocr_line ocrx_word'/>
</head>
<body>
  <div class='ocr_page' id='page_1' title='image "./orationesrecogno04ciceuoft/orationesrecogno04ciceuoft_0186.png"; bbox 0 0 1747 2620; ppageno 0'>
   <div class='ocr_carea' id='block_1_1' title="bbox 156 72 1188 124">
    <p class='ocr_par' dir='ltr' id='par_1_1' title="bbox 156 72 1188 124">
     <span class='ocr_line' id='line_1_1' title="bbox 156 72 1188 124; baseline -0.001 -11"><span class='ocrx_word' id='word_1_1' title='bbox 156 85 208 124; x_wconf 81' lang='lat'><strong>32</strong></span> <span class='ocrx_word' id='word_1_2' title='bbox 228 79 270 113; x_wconf 91' lang='lat'><strong>86</strong></span> <span class='ocrx_word' id='word_1_3' title='bbox 591 75 647 113; x_wconf 88' lang='lat' dir='ltr'><strong>M.</strong></span> <span class='ocrx_word' id='word_1_4' title='bbox 680 75 848 113; x_wconf 85' lang='lat' dir='ltr'>TVLLI</span> <span class='ocrx_word' id='word_1_5' title='bbox 881 72 1188 114; x_wconf 86' lang='lat' dir='ltr'>CICERONIS</span> 
     </span>
    </p>
   </div>
   <div class='ocr_carea' id='block_1_2' title="bbox 163 183 1624 2004">
    <p class='ocr_par' dir='ltr' id='par_1_2' title="bbox 163 183 1624 2004">
     <span class='ocr_line' id='line_1_2' title="bbox 228 183 1556 238; baseline -0.003 -12"><span class='ocrx_word' id='word_1_6' title='bbox 228 199 353 238; x_wconf 86' lang='lat' dir='ltr'><strong>panae</strong></span> <span class='ocrx_word' id='word_1_7' title='bbox 375 185 554 225; x_wconf 88' lang='lat' dir='ltr'><strong>coloniae</strong></span> <span class='ocrx_word' id='word_1_8' title='bbox 571 186 823 224; x_wconf 83' lang='lat' dir='ltr'><strong>vehementer</strong></span> <span class='ocrx_word' id='word_1_9' title='bbox 844 184 936 222; x_wconf 89' lang='lat' dir='ltr'><strong>huic</strong></span> <span class='ocrx_word' id='word_1_10' title='bbox 959 183 1122 234; x_wconf 89' lang='lat' dir='ltr'><strong>imperio</strong></span> <span class='ocrx_word' id='word_1_11' title='bbox 1139 183 1359 222; x_wconf 87' lang='lat' dir='ltr'><strong>timendum</strong></span> <span class='ocrx_word' id='word_1_12' title='bbox 1378 184 1556 234; x_wconf 82' lang='lat' dir='ltr'>Capuam</span> 
     </span>
     <span class='ocr_line' id='line_1_3' title="bbox 226 250 1556 297; baseline -0.003 -6"><span class='ocrx_word' id='word_1_13' title='bbox 226 267 249 291; x_wconf 84' lang='lat' dir='ltr'><strong>a</strong></span> <span class='ocrx_word' id='word_1_14' title='bbox 284 253 403 291; x_wconf 79' lang='lat' dir='ltr'>xviris</span> <span class='ocrx_word' id='word_1_15' title='bbox 436 252 629 297; x_wconf 83' lang='lat' dir='ltr'><strong>inferetur,</strong></span> <span class='ocrx_word' id='word_1_16' title='bbox 663 258 757 288; x_wconf 89' lang='lat' dir='ltr'><strong>tunc</strong></span> <span class='ocrx_word' id='word_1_17' title='bbox 787 257 922 288; x_wconf 85' lang='lat' dir='ltr'><strong>contra</strong></span> <span class='ocrx_word' id='word_1_18' title='bbox 954 251 1055 287; x_wconf 77' lang='lat' dir='ltr'><strong>lianc</strong></span> <span class='ocrx_word' id='word_1_19' title='bbox 1087 250 1270 296; x_wconf 82' lang='lat' dir='ltr'>Romam,</span> <span class='ocrx_word' id='word_1_20' title='bbox 1303 262 1556 287; x_wconf 92' lang='lat' dir='ltr'><strong>communem</strong></span> 
     </span>
     <span class='ocr_line' id='line_1_4' title="bbox 163 315 1558 370; baseline -0.004 -12"><span class='ocrx_word' id='word_1_21' title='bbox 163 330 205 370; x_wconf 84' lang='lat'><strong>87</strong></span> <span class='ocrx_word' id='word_1_22' title='bbox 227 318 389 370; x_wconf 81' lang='lat' dir='ltr'><strong>patriam</strong></span> <span class='ocrx_word' id='word_1_23' title='bbox 422 317 599 355; x_wconf 91' lang='lat' dir='ltr'><strong>omnium</strong></span> <span class='ocrx_word' id='word_1_24' title='bbox 629 323 816 362; x_wconf 90' lang='lat' dir='ltr'><strong>nostrum,</strong></span> <span class='ocrx_word' id='word_1_25' title='bbox 842 315 905 353; x_wconf 87' lang='lat' dir='ltr'><strong>illa</strong></span> <span class='ocrx_word' id='word_1_26' title='bbox 934 316 1053 354; x_wconf 89' lang='lat' dir='ltr'><strong>altera</strong></span> <span class='ocrx_word' id='word_1_27' title='bbox 1082 316 1211 353; x_wconf 88' lang='lat' dir='ltr'><strong>Roma</strong></span> <span class='ocrx_word' id='word_1_28' title='bbox 1232 323 1448 365; x_wconf 76' lang='lat' dir='ltr'>quaeretur.</span> <span class='ocrx_word' id='word_1_29' title='bbox 1511 316 1558 353; x_wconf 87' lang='lat' dir='ltr'><strong>In</strong></span> 
     </span>
     <span class='ocr_line' id='line_1_5' title="bbox 227 380 1559 434; baseline -0.004 -11"><span class='ocrx_word' id='word_1_30' title='bbox 227 385 266 423; x_wconf 90' lang='lat' dir='ltr'><strong>id</strong></span> <span class='ocrx_word' id='word_1_31' title='bbox 297 383 488 434; x_wconf 91' lang='lat' dir='ltr'><strong>oppidum</strong></span> <span class='ocrx_word' id='word_1_32' title='bbox 520 383 701 421; x_wconf 87' lang='lat' dir='ltr'><strong>homines</strong></span> <span class='ocrx_word' id='word_1_33' title='bbox 732 380 877 420; x_wconf 77' lang='lat' dir='ltr'><strong>nefarie</strong></span> <span class='ocrx_word' id='word_1_34' title='bbox 908 394 987 419; x_wconf 89' lang='lat' dir='ltr'><strong>rem</strong></span> <span class='ocrx_word' id='word_1_35' title='bbox 1020 380 1219 431; x_wconf 81' lang='lat' dir='ltr'>publicam</span> <span class='ocrx_word' id='word_1_36' title='bbox 1242 388 1408 419; x_wconf 82' lang='lat' dir='ltr'><strong>vestram</strong></span> <span class='ocrx_word' id='word_1_37' title='bbox 1439 388 1559 419; x_wconf 89' lang='lat' dir='ltr'><strong>trans-</strong></span> 
     </span>
     <span class='ocr_line' id='line_1_6' title="bbox 228 446 1597 498; baseline -0.004 -10"><span class='ocrx_word' id='word_1_38' title='bbox 228 452 324 489; x_wconf 86' lang='lat' dir='ltr'><strong>ferre</strong></span> <span class='ocrx_word' id='word_1_39' title='bbox 345 455 547 496; x_wconf 87' lang='lat' dir='ltr'><strong>conantur,</strong></span> <span class='ocrx_word' id='word_1_40' title='bbox 567 461 646 498; x_wconf 86' lang='lat' dir='ltr'><strong>quo</strong></span> <span class='ocrx_word' id='word_1_41' title='bbox 668 448 707 485; x_wconf 90' lang='lat' dir='ltr'><strong>in</strong></span> <span class='ocrx_word' id='word_1_42' title='bbox 729 448 878 497; x_wconf 89' lang='lat' dir='ltr'><strong>oppido</strong></span> <span class='ocrx_word' id='word_1_43' title='bbox 900 446 1066 485; x_wconf 87' lang='lat' dir='ltr'><strong>maiores</strong></span> <span class='ocrx_word' id='word_1_44' title='bbox 1087 446 1207 485; x_wconf 84' lang='lat' dir='ltr'>nostri</span> <span class='ocrx_word' id='word_1_45' title='bbox 1230 447 1375 484; x_wconf 89' lang='lat' dir='ltr'><strong>nullam</strong></span> <span class='ocrx_word' id='word_1_46' title='bbox 1395 446 1558 484; x_wconf 92' lang='lat' dir='ltr'><strong>omnino</strong></span> <span class='ocrx_word' id='word_1_47' title='bbox 1579 458 1597 489; x_wconf 86' lang='lat'>5</span> 
     </span>
     <span class='ocr_line' id='line_1_7' title="bbox 228 510 1559 566; baseline -0.005 -12"><span class='ocrx_word' id='word_1_48' title='bbox 228 529 308 555; x_wconf 90' lang='lat' dir='ltr'><strong>rem</strong></span> <span class='ocrx_word' id='word_1_49' title='bbox 334 514 534 566; x_wconf 81' lang='lat' dir='ltr'>publicam</span> <span class='ocrx_word' id='word_1_50' title='bbox 563 527 648 552; x_wconf 88' lang='lat' dir='ltr'><strong>esse</strong></span> <span class='ocrx_word' id='word_1_51' title='bbox 675 515 894 560; x_wconf 88' lang='lat' dir='ltr'><strong>voluerunt,</strong></span> <span class='ocrx_word' id='word_1_52' title='bbox 918 511 985 562; x_wconf 84' lang='lat' dir='ltr'><strong>qui</strong></span> <span class='ocrx_word' id='word_1_53' title='bbox 1015 511 1082 550; x_wconf 89' lang='lat' dir='ltr'><strong>tris</strong></span> <span class='ocrx_word' id='word_1_54' title='bbox 1110 512 1238 549; x_wconf 87' lang='lat' dir='ltr'><strong>solum</strong></span> <span class='ocrx_word' id='word_1_55' title='bbox 1262 511 1368 550; x_wconf 82' lang='lat' dir='ltr'><strong>urbis</strong></span> <span class='ocrx_word' id='word_1_56' title='bbox 1390 510 1428 549; x_wconf 91' lang='lat' dir='ltr'><strong>in</strong></span> <span class='ocrx_word' id='word_1_57' title='bbox 1450 510 1559 549; x_wconf 90' lang='lat' dir='ltr'><strong>terris</strong></span> 
     </span>
     <span class='ocr_line' id='line_1_8' title="bbox 229 577 1559 628; baseline -0.005 -8"><span class='ocrx_word' id='word_1_58' title='bbox 229 580 428 628; x_wconf 77' lang='lat' dir='ltr'><strong>omnibus,</strong></span> <span class='ocrx_word' id='word_1_59' title='bbox 468 578 761 628; x_wconf 78' lang='lat' dir='ltr'>Carthaginem,</span> <span class='ocrx_word' id='word_1_60' title='bbox 803 577 1052 624; x_wconf 77' lang='lat' dir='ltr'>Corinthum,</span> <span class='ocrx_word' id='word_1_61' title='bbox 1102 577 1293 627; x_wconf 80' lang='lat' dir='ltr'>Capuam,</span> <span class='ocrx_word' id='word_1_62' title='bbox 1342 583 1559 615; x_wconf 89' lang='lat' dir='ltr'><strong>statuerunt</strong></span> 
     </span>
     <span class='ocr_line' id='line_1_9' title="bbox 229 642 1561 698; baseline -0.005 -12"><span class='ocrx_word' id='word_1_63' title='bbox 229 660 344 698; x_wconf 83' lang='lat' dir='ltr'><strong>posse</strong></span> <span class='ocrx_word' id='word_1_64' title='bbox 394 645 529 696; x_wconf 89' lang='lat' dir='ltr'><strong>imperi</strong></span> <span class='ocrx_word' id='word_1_65' title='bbox 581 643 808 694; x_wconf 82' lang='lat' dir='ltr'><strong>gravitatem</strong></span> <span class='ocrx_word' id='word_1_66' title='bbox 857 656 903 681; x_wconf 90' lang='lat' dir='ltr'><strong>ac</strong></span> <span class='ocrx_word' id='word_1_67' title='bbox 954 656 1100 681; x_wconf 85' lang='lat' dir='ltr'><strong>nomen</strong></span> <span class='ocrx_word' id='word_1_68' title='bbox 1155 642 1355 681; x_wconf 88' lang='lat' dir='ltr'><strong>sustinere.</strong></span> <span class='ocrx_word' id='word_1_69' title='bbox 1420 643 1561 680; x_wconf 78' lang='lat' dir='ltr'>Deleta</span> 
     </span>
     <span class='ocr_line' id='line_1_10' title="bbox 229 707 1561 762; baseline -0.006 -10"><span class='ocrx_word' id='word_1_70' title='bbox 229 714 427 762; x_wconf 81' lang='lat' dir='ltr'><strong>Carthago</strong></span> <span class='ocrx_word' id='word_1_71' title='bbox 457 718 526 758; x_wconf 89' lang='lat' dir='ltr'><strong>est,</strong></span> <span class='ocrx_word' id='word_1_72' title='bbox 549 711 657 760; x_wconf 87' lang='lat' dir='ltr'><strong>quod</strong></span> <span class='ocrx_word' id='word_1_73' title='bbox 687 723 777 747; x_wconf 92' lang='lat' dir='ltr'><strong>cum</strong></span> <span class='ocrx_word' id='word_1_74' title='bbox 807 708 1013 747; x_wconf 89' lang='lat' dir='ltr'><strong>hominum</strong></span> <span class='ocrx_word' id='word_1_75' title='bbox 1042 708 1176 759; x_wconf 87' lang='lat' dir='ltr'><strong>copiis,</strong></span> <span class='ocrx_word' id='word_1_76' title='bbox 1201 716 1283 746; x_wconf 92' lang='lat' dir='ltr'><strong>tum</strong></span> <span class='ocrx_word' id='word_1_77' title='bbox 1313 707 1396 758; x_wconf 88' lang='lat' dir='ltr'><strong>ipsa</strong></span> <span class='ocrx_word' id='word_1_78' title='bbox 1423 714 1561 745; x_wconf 87' lang='lat' dir='ltr'><strong>natura</strong></span> 
     </span>
     <span class='ocr_line' id='line_1_11' title="bbox 228 772 1622 824; baseline -0.005 -8"><span class='ocrx_word' id='word_1_79' title='bbox 228 791 274 816; x_wconf 87' lang='lat' dir='ltr'><strong>ac</strong></span> <span class='ocrx_word' id='word_1_80' title='bbox 313 779 412 824; x_wconf 90' lang='lat' dir='ltr'><strong>loco,</strong></span> <span class='ocrx_word' id='word_1_81' title='bbox 455 775 655 814; x_wconf 87' lang='lat' dir='ltr'><strong>succincta</strong></span> <span class='ocrx_word' id='word_1_82' title='bbox 694 774 882 824; x_wconf 81' lang='lat' dir='ltr'><strong>portibuS,</strong></span> <span class='ocrx_word' id='word_1_83' title='bbox 920 781 1068 812; x_wconf 85' lang='lat' dir='ltr'><strong>armata</strong></span> <span class='ocrx_word' id='word_1_84' title='bbox 1107 772 1237 820; x_wconf 91' lang='lat' dir='ltr'><strong>muris,</strong></span> <span class='ocrx_word' id='word_1_85' title='bbox 1275 786 1475 811; x_wconf 76' lang='lat' dir='ltr'><strong>excurrere</strong></span> <span class='ocrx_word' id='word_1_86' title='bbox 1515 786 1560 810; x_wconf 78' lang='lat' dir='ltr'><strong>ex</strong></span> <span class='ocrx_word' id='word_1_87' title='bbox 1584 786 1622 808; x_wconf 94' lang='lat'><strong>10</strong></span> 
     </span>
     <span class='ocr_line' id='line_1_12' title="bbox 227 837 1560 889; baseline -0.005 -8"><span class='ocrx_word' id='word_1_88' title='bbox 227 842 370 889; x_wconf 77' lang='lat' dir='ltr'><strong>Africa,</strong></span> <span class='ocrx_word' id='word_1_89' title='bbox 422 840 627 879; x_wconf 90' lang='lat' dir='ltr'><strong>imminere</strong></span> <span class='ocrx_word' id='word_1_90' title='bbox 675 839 829 877; x_wconf 89' lang='lat' dir='ltr'><strong>duabus</strong></span> <span class='ocrx_word' id='word_1_91' title='bbox 879 838 1197 877; x_wconf 86' lang='lat' dir='ltr'><strong>fructuosissimis</strong></span> <span class='ocrx_word' id='word_1_92' title='bbox 1246 838 1381 876; x_wconf 88' lang='lat' dir='ltr'><strong>insulis</strong></span> <span class='ocrx_word' id='word_1_93' title='bbox 1425 837 1560 888; x_wconf 91' lang='lat' dir='ltr'><strong>populi</strong></span> 
     </span>
     <span class='ocr_line' id='line_1_13' title="bbox 230 903 1558 954; baseline -0.004 -8"><span class='ocrx_word' id='word_1_94' title='bbox 230 906 399 946; x_wconf 89' lang='lat' dir='ltr'><strong>Romani</strong></span> <span class='ocrx_word' id='word_1_95' title='bbox 441 905 658 944; x_wconf 75' lang='lat' dir='ltr'><strong>videbatur.</strong></span> <span class='ocrx_word' id='word_1_96' title='bbox 720 904 900 943; x_wconf 83' lang='lat' dir='ltr'><strong>Corinthi</strong></span> <span class='ocrx_word' id='word_1_97' title='bbox 937 903 1142 954; x_wconf 85' lang='lat' dir='ltr'><strong>vestigium</strong></span> <span class='ocrx_word' id='word_1_98' title='bbox 1180 904 1241 942; x_wconf 81' lang='lat' dir='ltr'><strong>vix</strong></span> <span class='ocrx_word' id='word_1_99' title='bbox 1275 903 1452 942; x_wconf 88' lang='lat' dir='ltr'><strong>relictum</strong></span> <span class='ocrx_word' id='word_1_100' title='bbox 1491 911 1558 942; x_wconf 89' lang='lat' dir='ltr'><strong>est.</strong></span> 
     </span>
     <span class='ocr_line' id='line_1_14' title="bbox 230 969 1561 1022; baseline -0.003 -10"><span class='ocrx_word' id='word_1_101' title='bbox 230 975 322 1012; x_wconf 88' lang='lat' dir='ltr'><strong>Erat</strong></span> <span class='ocrx_word' id='word_1_102' title='bbox 344 972 448 1012; x_wconf 90' lang='lat' dir='ltr'><strong>enim</strong></span> <span class='ocrx_word' id='word_1_103' title='bbox 470 972 597 1022; x_wconf 89' lang='lat' dir='ltr'><strong>posita</strong></span> <span class='ocrx_word' id='word_1_104' title='bbox 618 970 657 1008; x_wconf 90' lang='lat' dir='ltr'><strong>in</strong></span> <span class='ocrx_word' id='word_1_105' title='bbox 678 969 866 1020; x_wconf 82' lang='lat' dir='ltr'><strong>angustiis</strong></span> <span class='ocrx_word' id='word_1_106' title='bbox 888 977 1006 1020; x_wconf 87' lang='lat' dir='ltr'><strong>atque</strong></span> <span class='ocrx_word' id='word_1_107' title='bbox 1027 969 1066 1008; x_wconf 90' lang='lat' dir='ltr'><strong>in</strong></span> <span class='ocrx_word' id='word_1_108' title='bbox 1089 970 1267 1008; x_wconf 87' lang='lat' dir='ltr'><strong>faucibus</strong></span> <span class='ocrx_word' id='word_1_109' title='bbox 1289 970 1479 1009; x_wconf 81' lang='lat' dir='ltr'><strong>Graeciae</strong></span> <span class='ocrx_word' id='word_1_110' title='bbox 1506 970 1561 1008; x_wconf 85' lang='lat' dir='ltr'><strong>sic</strong></span> 
     </span>
     <span class='ocr_line' id='line_1_15' title="bbox 229 1035 1563 1077; baseline -0.001 -1"><span class='ocrx_word' id='word_1_111' title='bbox 229 1046 270 1077; x_wconf 88' lang='lat' dir='ltr'><strong>ut</strong></span> <span class='ocrx_word' id='word_1_112' title='bbox 310 1045 409 1076; x_wconf 89' lang='lat' dir='ltr'><strong>terra</strong></span> <span class='ocrx_word' id='word_1_113' title='bbox 443 1038 610 1074; x_wconf 86' lang='lat' dir='ltr'><strong>claustra</strong></span> <span class='ocrx_word' id='word_1_114' title='bbox 645 1037 821 1074; x_wconf 91' lang='lat' dir='ltr'><strong>locorum</strong></span> <span class='ocrx_word' id='word_1_115' title='bbox 858 1043 1007 1074; x_wconf 91' lang='lat' dir='ltr'><strong>teneret</strong></span> <span class='ocrx_word' id='word_1_116' title='bbox 1042 1043 1079 1074; x_wconf 89' lang='lat' dir='ltr'><strong>et</strong></span> <span class='ocrx_word' id='word_1_117' title='bbox 1118 1037 1199 1074; x_wconf 92' lang='lat' dir='ltr'><strong>duo</strong></span> <span class='ocrx_word' id='word_1_118' title='bbox 1235 1035 1356 1074; x_wconf 90' lang='lat' dir='ltr'><strong>maria</strong></span> <span class='ocrx_word' id='word_1_119' title='bbox 1395 1036 1563 1074; x_wconf 78' lang='lat' dir='ltr'><strong>maxime</strong></span> 
     </span>
     <span class='ocr_line' id='line_1_16' title="bbox 229 1101 1621 1153; baseline -0.002 -11"><span class='ocrx_word' id='word_1_120' title='bbox 229 1102 464 1153; x_wconf 79' lang='lat' dir='ltr'><strong>navigationi</strong></span> <span class='ocrx_word' id='word_1_121' title='bbox 499 1102 651 1141; x_wconf 84' lang='lat' dir='ltr'><strong>diversa</strong></span> <span class='ocrx_word' id='word_1_122' title='bbox 687 1115 812 1151; x_wconf 84' lang='lat' dir='ltr'><strong>paene</strong></span> <span class='ocrx_word' id='word_1_123' title='bbox 849 1101 1116 1152; x_wconf 82' lang='lat' dir='ltr'><strong>coniungeret,</strong></span> <span class='ocrx_word' id='word_1_124' title='bbox 1153 1116 1243 1141; x_wconf 91' lang='lat' dir='ltr'><strong>cum</strong></span> <span class='ocrx_word' id='word_1_125' title='bbox 1275 1101 1453 1153; x_wconf 85' lang='lat' dir='ltr'><strong>pertenui</strong></span> <span class='ocrx_word' id='word_1_126' title='bbox 1488 1102 1563 1140; x_wconf 80' lang='lat' dir='ltr'><strong>dis-</strong></span> <span class='ocrx_word' id='word_1_127' title='bbox 1586 1117 1621 1147; x_wconf 84' lang='lat'><strong>¹5</strong></span> 
     </span>
     <span class='ocr_line' id='line_1_17' title="bbox 229 1168 1561 1218; baseline -0.001 -11"><span class='ocrx_word' id='word_1_128' title='bbox 229 1169 392 1208; x_wconf 90' lang='lat' dir='ltr'><strong>crimine</strong></span> <span class='ocrx_word' id='word_1_129' title='bbox 413 1175 650 1217; x_wconf 83' lang='lat' dir='ltr'><strong>separentur.</strong></span> <span class='ocrx_word' id='word_1_130' title='bbox 714 1168 827 1205; x_wconf 84' lang='lat' dir='ltr'><strong>Haec</strong></span> <span class='ocrx_word' id='word_1_131' title='bbox 859 1180 959 1217; x_wconf 84' lang='lat' dir='ltr'><strong>quae</strong></span> <span class='ocrx_word' id='word_1_132' title='bbox 990 1169 1125 1217; x_wconf 90' lang='lat' dir='ltr'><strong>procul</strong></span> <span class='ocrx_word' id='word_1_133' title='bbox 1155 1176 1265 1207; x_wconf 86' lang='lat' dir='ltr'><strong>erant</strong></span> <span class='ocrx_word' id='word_1_134' title='bbox 1294 1181 1317 1205; x_wconf 90' lang='lat' dir='ltr'><strong>a</strong></span> <span class='ocrx_word' id='word_1_135' title='bbox 1346 1175 1561 1218; x_wconf 87' lang='lat' dir='ltr'><strong>conspectu</strong></span> 
     </span>
     <span class='ocr_line' id='line_1_18' title="bbox 230 1232 1563 1285; baseline -0.002 -12"><span class='ocrx_word' id='word_1_136' title='bbox 230 1234 365 1285; x_wconf 86' lang='lat' dir='ltr'><strong>imperi</strong></span> <span class='ocrx_word' id='word_1_137' title='bbox 389 1247 468 1272; x_wconf 92' lang='lat' dir='ltr'><strong>non</strong></span> <span class='ocrx_word' id='word_1_138' title='bbox 491 1234 618 1271; x_wconf 90' lang='lat' dir='ltr'><strong>solum</strong></span> <span class='ocrx_word' id='word_1_139' title='bbox 639 1232 872 1271; x_wconf 82' lang='lat' dir='ltr'><strong>adflixerunt</strong></span> <span class='ocrx_word' id='word_1_140' title='bbox 895 1234 964 1271; x_wconf 84' lang='lat' dir='ltr'><strong>sed</strong></span> <span class='ocrx_word' id='word_1_141' title='bbox 986 1232 1115 1280; x_wconf 89' lang='lat' dir='ltr'><strong>etiam,</strong></span> <span class='ocrx_word' id='word_1_142' title='bbox 1139 1247 1188 1271; x_wconf 92' lang='lat' dir='ltr'><strong>ne</strong></span> <span class='ocrx_word' id='word_1_143' title='bbox 1209 1234 1371 1284; x_wconf 87' lang='lat' dir='ltr'><strong>quando</strong></span> <span class='ocrx_word' id='word_1_144' title='bbox 1392 1240 1563 1272; x_wconf 83' lang='lat' dir='ltr'><strong>recreata</strong></span> 
     </span>
     <span class='ocr_line' id='line_1_19' title="bbox 230 1298 1562 1350; baseline -0.002 -12"><span class='ocrx_word' id='word_1_145' title='bbox 230 1313 433 1350; x_wconf 82' lang='lat' dir='ltr'><strong>exsurgere</strong></span> <span class='ocrx_word' id='word_1_146' title='bbox 460 1306 578 1348; x_wconf 84' lang='lat' dir='ltr'><strong>atque</strong></span> <span class='ocrx_word' id='word_1_147' title='bbox 609 1299 754 1347; x_wconf 79' lang='lat' dir='ltr'><strong>erigere</strong></span> <span class='ocrx_word' id='word_1_148' title='bbox 782 1311 823 1336; x_wconf 83' lang='lat' dir='ltr'><strong>se</strong></span> <span class='ocrx_word' id='word_1_149' title='bbox 852 1307 1021 1349; x_wconf 76' lang='lat' dir='ltr'><strong>possent,</strong></span> <span class='ocrx_word' id='word_1_150' title='bbox 1047 1300 1234 1346; x_wconf 86' lang='lat' dir='ltr'><strong>funditus,</strong></span> <span class='ocrx_word' id='word_1_151' title='bbox 1258 1307 1299 1337; x_wconf 94' lang='lat' dir='ltr'><strong>ut</strong></span> <span class='ocrx_word' id='word_1_152' title='bbox 1325 1298 1418 1347; x_wconf 82' lang='lat' dir='ltr'><strong>dixi,</strong></span> <span class='ocrx_word' id='word_1_153' title='bbox 1439 1306 1562 1336; x_wconf 87' lang='lat' dir='ltr'><strong>sustu-</strong></span> 
     </span>
     <span class='ocr_line' id='line_1_20' title="bbox 169 1363 1562 1413; baseline -0.002 -8"><span class='ocrx_word' id='word_1_154' title='bbox 169 1374 209 1405; x_wconf 77' lang='lat'><strong>88</strong></span> <span class='ocrx_word' id='word_1_155' title='bbox 229 1366 367 1404; x_wconf 89' lang='lat' dir='ltr'><strong>lerunt.</strong></span> <span class='ocrx_word' id='word_1_156' title='bbox 429 1365 490 1402; x_wconf 88' lang='lat' dir='ltr'><strong>De</strong></span> <span class='ocrx_word' id='word_1_157' title='bbox 512 1364 650 1413; x_wconf 87' lang='lat' dir='ltr'><strong>Capua</strong></span> <span class='ocrx_word' id='word_1_158' title='bbox 671 1364 837 1401; x_wconf 88' lang='lat' dir='ltr'><strong>multum</strong></span> <span class='ocrx_word' id='word_1_159' title='bbox 860 1370 916 1401; x_wconf 86' lang='lat' dir='ltr'><strong>est</strong></span> <span class='ocrx_word' id='word_1_160' title='bbox 939 1371 975 1401; x_wconf 90' lang='lat' dir='ltr'><strong>et</strong></span> <span class='ocrx_word' id='word_1_161' title='bbox 997 1363 1064 1401; x_wconf 90' lang='lat' dir='ltr'><strong>diu</strong></span> <span class='ocrx_word' id='word_1_162' title='bbox 1087 1366 1351 1402; x_wconf 87' lang='lat' dir='ltr'><strong>consultatum</strong></span> <span class='ocrx_word' id='word_1_163' title='bbox 1369 1378 1378 1410; x_wconf 64' lang='grc' dir='ltr'><em>ς</em></span> <span class='ocrx_word' id='word_1_164' title='bbox 1412 1371 1562 1402; x_wconf 79' lang='lat' dir='ltr'><strong>exstant</strong></span> 
     </span>
     <span class='ocr_line' id='line_1_21' title="bbox 230 1428 1623 1479; baseline -0.003 -9"><span class='ocrx_word' id='word_1_165' title='bbox 230 1431 390 1477; x_wconf 88' lang='lat' dir='ltr'><strong>litterae,</strong></span> <span class='ocrx_word' id='word_1_166' title='bbox 415 1429 598 1476; x_wconf 77' lang='lat' dir='ltr'><strong>Quirites,</strong></span> <span class='ocrx_word' id='word_1_167' title='bbox 623 1428 815 1479; x_wconf 89' lang='lat' dir='ltr'><strong>publicae,</strong></span> <span class='ocrx_word' id='word_1_168' title='bbox 842 1437 933 1467; x_wconf 90' lang='lat' dir='ltr'><strong>sunt</strong></span> <span class='ocrx_word' id='word_1_169' title='bbox 959 1437 1116 1467; x_wconf 83' lang='lat' dir='ltr'><strong>senatus</strong></span> <span class='ocrx_word' id='word_1_170' title='bbox 1139 1431 1318 1468; x_wconf 86' lang='lat' dir='ltr'><strong>consulta</strong></span> <span class='ocrx_word' id='word_1_171' title='bbox 1346 1431 1561 1479; x_wconf 86' lang='lat' dir='ltr'><strong>complura.</strong></span> <span class='ocrx_word' id='word_1_172' title='bbox 1583 1444 1623 1467; x_wconf 88' lang='lat'><strong>20</strong></span> 
     </span>
     <span class='ocr_line' id='line_1_22' title="bbox 231 1493 1563 1544; baseline -0.002 -9"><span class='ocrx_word' id='word_1_173' title='bbox 231 1498 457 1535; x_wconf 87' lang='lat' dir='ltr'><strong>Statuerunt</strong></span> <span class='ocrx_word' id='word_1_174' title='bbox 484 1494 666 1533; x_wconf 86' lang='lat' dir='ltr'><strong>homines</strong></span> <span class='ocrx_word' id='word_1_175' title='bbox 694 1493 900 1544; x_wconf 82' lang='lat' dir='ltr'><strong>sapientes,</strong></span> <span class='ocrx_word' id='word_1_176' title='bbox 927 1494 955 1532; x_wconf 90' lang='lat' dir='ltr'><strong>si</strong></span> <span class='ocrx_word' id='word_1_177' title='bbox 985 1508 1119 1544; x_wconf 82' lang='lat' dir='ltr'><strong>agrum</strong></span> <span class='ocrx_word' id='word_1_178' title='bbox 1153 1494 1367 1544; x_wconf 88' lang='lat' dir='ltr'><strong>Campanis</strong></span> <span class='ocrx_word' id='word_1_179' title='bbox 1397 1494 1563 1533; x_wconf 84' lang='lat' dir='ltr'><strong>ademis-</strong></span> 
     </span>
     <span class='ocr_line' id='line_1_23' title="bbox 231 1560 1561 1612; baseline -0.002 -11"><span class='ocrx_word' id='word_1_180' title='bbox 231 1570 327 1609; x_wconf 83' lang='lat' dir='ltr'><strong>sent,</strong></span> <span class='ocrx_word' id='word_1_181' title='bbox 352 1561 608 1612; x_wconf 81' lang='lat' dir='ltr'><strong>magistratus,</strong></span> <span class='ocrx_word' id='word_1_182' title='bbox 633 1567 824 1607; x_wconf 89' lang='lat' dir='ltr'><strong>senatum,</strong></span> <span class='ocrx_word' id='word_1_183' title='bbox 851 1560 1053 1610; x_wconf 86' lang='lat' dir='ltr'><strong>publicum</strong></span> <span class='ocrx_word' id='word_1_184' title='bbox 1078 1574 1123 1599; x_wconf 84' lang='lat' dir='ltr'><strong>ex</strong></span> <span class='ocrx_word' id='word_1_185' title='bbox 1146 1560 1209 1598; x_wconf 90' lang='lat' dir='ltr'><strong>illa</strong></span> <span class='ocrx_word' id='word_1_186' title='bbox 1237 1561 1333 1599; x_wconf 87' lang='lat' dir='ltr'><strong>urbe</strong></span> <span class='ocrx_word' id='word_1_187' title='bbox 1355 1560 1561 1598; x_wconf 89' lang='lat' dir='ltr'><strong>consilium</strong></span> 
     </span>
     <span class='ocr_line' id='line_1_24' title="bbox 232 1625 1563 1676; baseline -0.002 -10"><span class='ocrx_word' id='word_1_188' title='bbox 232 1627 488 1674; x_wconf 82' lang='lat' dir='ltr'><strong>sustulissent,</strong></span> <span class='ocrx_word' id='word_1_189' title='bbox 506 1625 716 1676; x_wconf 79' lang='lat' dir='ltr'><strong>imaginem</strong></span> <span class='ocrx_word' id='word_1_190' title='bbox 740 1625 792 1663; x_wconf 91' lang='lat' dir='ltr'><strong>rei</strong></span> <span class='ocrx_word' id='word_1_191' title='bbox 816 1626 997 1675; x_wconf 85' lang='lat' dir='ltr'><strong>publicae</strong></span> <span class='ocrx_word' id='word_1_192' title='bbox 1020 1627 1167 1664; x_wconf 89' lang='lat' dir='ltr'><strong>nullam</strong></span> <span class='ocrx_word' id='word_1_193' title='bbox 1191 1625 1448 1676; x_wconf 88' lang='lat' dir='ltr'><strong>reliquissent,</strong></span> <span class='ocrx_word' id='word_1_194' title='bbox 1468 1626 1563 1663; x_wconf 83' lang='lat' dir='ltr'><strong>nihil</strong></span> 
     </span>
     <span class='ocr_line' id='line_1_25' title="bbox 233 1690 1561 1743; baseline -0.002 -12"><span class='ocrx_word' id='word_1_195' title='bbox 233 1695 313 1732; x_wconf 87' lang='lat' dir='ltr'><strong>sore</strong></span> <span class='ocrx_word' id='word_1_196' title='bbox 334 1694 442 1743; x_wconf 86' lang='lat' dir='ltr'><strong>quod</strong></span> <span class='ocrx_word' id='word_1_197' title='bbox 465 1692 643 1741; x_wconf 83' lang='lat' dir='ltr'><strong>Capuam</strong></span> <span class='ocrx_word' id='word_1_198' title='bbox 665 1690 904 1729; x_wconf 87' lang='lat' dir='ltr'><strong>timeremus.</strong></span> <span class='ocrx_word' id='word_1_199' title='bbox 966 1693 1105 1741; x_wconf 86' lang='lat' dir='ltr'><strong>Itaque</strong></span> <span class='ocrx_word' id='word_1_200' title='bbox 1134 1692 1209 1729; x_wconf 86' lang='lat' dir='ltr'><strong>hoc</strong></span> <span class='ocrx_word' id='word_1_201' title='bbox 1237 1690 1493 1741; x_wconf 88' lang='lat' dir='ltr'><strong>perscriptum</strong></span> <span class='ocrx_word' id='word_1_202' title='bbox 1524 1691 1561 1728; x_wconf 91' lang='lat' dir='ltr'><strong>in</strong></span> 
     </span>
     <span class='ocr_line' id='line_1_26' title="bbox 234 1755 1624 1807; baseline -0.003 -10"><span class='ocrx_word' id='word_1_203' title='bbox 234 1757 500 1798; x_wconf 88' lang='lat' dir='ltr'><strong>monumentis</strong></span> <span class='ocrx_word' id='word_1_204' title='bbox 522 1755 717 1794; x_wconf 83' lang='lat' dir='ltr'><strong>veteribus</strong></span> <span class='ocrx_word' id='word_1_205' title='bbox 740 1756 947 1807; x_wconf 76' lang='lat' dir='ltr'><strong>reperietiS,</strong></span> <span class='ocrx_word' id='word_1_206' title='bbox 973 1764 1014 1794; x_wconf 90' lang='lat' dir='ltr'><strong>ut</strong></span> <span class='ocrx_word' id='word_1_207' title='bbox 1039 1764 1139 1795; x_wconf 82' lang='lat' dir='ltr'><strong>esset</strong></span> <span class='ocrx_word' id='word_1_208' title='bbox 1168 1757 1260 1794; x_wconf 88' lang='lat' dir='ltr'><strong>urbs</strong></span> <span class='ocrx_word' id='word_1_209' title='bbox 1281 1770 1382 1806; x_wconf 84' lang='lat' dir='ltr'><strong>quae</strong></span> <span class='ocrx_word' id='word_1_210' title='bbox 1411 1770 1469 1795; x_wconf 90' lang='lat' dir='ltr'><strong>res</strong></span> <span class='ocrx_word' id='word_1_211' title='bbox 1498 1770 1561 1794; x_wconf 84' lang='lat' dir='ltr'><strong>eas</strong></span> <span class='ocrx_word' id='word_1_212' title='bbox 1586 1766 1624 1798; x_wconf 84' lang='lat'><strong>25</strong></span> 
     </span>
     <span class='ocr_line' id='line_1_27' title="bbox 233 1822 1562 1875; baseline -0.003 -12"><span class='ocrx_word' id='word_1_213' title='bbox 233 1824 376 1875; x_wconf 78' lang='lat' dir='ltr'><strong>quibus</strong></span> <span class='ocrx_word' id='word_1_214' title='bbox 396 1836 486 1873; x_wconf 83' lang='lat' dir='ltr'><strong>ager</strong></span> <span class='ocrx_word' id='word_1_215' title='bbox 504 1823 731 1873; x_wconf 88' lang='lat' dir='ltr'><strong>Campanus</strong></span> <span class='ocrx_word' id='word_1_216' title='bbox 752 1823 944 1861; x_wconf 89' lang='lat' dir='ltr'><strong>coleretur</strong></span> <span class='ocrx_word' id='word_1_217' title='bbox 966 1822 1216 1873; x_wconf 85' lang='lat' dir='ltr'><strong>suppeditare</strong></span> <span class='ocrx_word' id='word_1_218' title='bbox 1237 1830 1379 1871; x_wconf 85' lang='lat' dir='ltr'><strong>posset,</strong></span> <span class='ocrx_word' id='word_1_219' title='bbox 1400 1830 1439 1859; x_wconf 91' lang='lat' dir='ltr'><strong>ut</strong></span> <span class='ocrx_word' id='word_1_220' title='bbox 1462 1829 1562 1859; x_wconf 86' lang='lat' dir='ltr'><strong>esset</strong></span> 
     </span>
     <span class='ocr_line' id='line_1_28' title="bbox 232 1886 1563 1938; baseline -0.002 -11"><span class='ocrx_word' id='word_1_221' title='bbox 232 1891 342 1928; x_wconf 90' lang='lat' dir='ltr'><strong>locus</strong></span> <span class='ocrx_word' id='word_1_222' title='bbox 381 1888 676 1938; x_wconf 87' lang='lat' dir='ltr'><strong>comportandis</strong></span> <span class='ocrx_word' id='word_1_223' title='bbox 723 1887 1024 1936; x_wconf 84' lang='lat' dir='ltr'><strong>condendisque</strong></span> <span class='ocrx_word' id='word_1_224' title='bbox 1065 1886 1265 1927; x_wconf 80' lang='lat' dir='ltr'><strong>fructibus.</strong></span> <span class='ocrx_word' id='word_1_225' title='bbox 1308 1894 1349 1925; x_wconf 89' lang='lat' dir='ltr'><strong>ut</strong></span> <span class='ocrx_word' id='word_1_226' title='bbox 1394 1894 1563 1925; x_wconf 81' lang='lat' dir='ltr'><strong>aratores</strong></span> 
     </span>
     <span class='ocr_line' id='line_1_29' title="bbox 233 1951 1564 2004; baseline -0.003 -11"><span class='ocrx_word' id='word_1_227' title='bbox 233 1957 339 1994; x_wconf 91' lang='lat' dir='ltr'><strong>cultu</strong></span> <span class='ocrx_word' id='word_1_228' title='bbox 361 1968 540 2004; x_wconf 80' lang='lat' dir='ltr'><strong>agrorum</strong></span> <span class='ocrx_word' id='word_1_229' title='bbox 564 1955 706 1993; x_wconf 88' lang='lat' dir='ltr'><strong>defessi</strong></span> <span class='ocrx_word' id='word_1_230' title='bbox 729 1953 834 1992; x_wconf 90' lang='lat' dir='ltr'><strong>urbis</strong></span> <span class='ocrx_word' id='word_1_231' title='bbox 861 1952 1070 1992; x_wconf 90' lang='lat' dir='ltr'><strong>domiciliis</strong></span> <span class='ocrx_word' id='word_1_232' title='bbox 1098 1959 1311 2000; x_wconf 88' lang='lat' dir='ltr'><strong>uterentur,</strong></span> <span class='ocrx_word' id='word_1_233' title='bbox 1332 1951 1479 1991; x_wconf 90' lang='lat' dir='ltr'><strong>idcirco</strong></span> <span class='ocrx_word' id='word_1_234' title='bbox 1500 1951 1564 1990; x_wconf 87' lang='lat' dir='ltr'><strong>illa</strong></span> 
     </span>
    </p>
   </div>
   <div class='ocr_carea' id='block_1_3' title="bbox 164 2005 1563 2382">
    <p class='ocr_par' dir='ltr' id='par_1_3' title="bbox 164 2005 1562 2097">
     <span class='ocr_line' id='line_1_30' title="bbox 164 2005 1562 2097; baseline -0.004 -38"><span class='ocrx_word' id='word_1_235' title='bbox 164 2005 214 2097; x_wconf 52' lang='grc' dir='ltr'><strong>’ἒξ</strong></span> <span class='ocrx_word' id='word_1_236' title='bbox 232 2019 411 2059; x_wconf 78' lang='lat' dir='ltr'><strong>aedificia</strong></span> <span class='ocrx_word' id='word_1_237' title='bbox 439 2033 519 2057; x_wconf 91' lang='lat' dir='ltr'><strong>non</strong></span> <span class='ocrx_word' id='word_1_238' title='bbox 548 2033 633 2058; x_wconf 88' lang='lat' dir='ltr'><strong>esse</strong></span> <span class='ocrx_word' id='word_1_239' title='bbox 663 2020 802 2058; x_wconf 86' lang='lat' dir='ltr'><strong>deleta.</strong></span> <span class='ocrx_word' id='word_1_240' title='bbox 863 2018 1006 2057; x_wconf 88' lang='lat' dir='ltr'><strong>Videte</strong></span> <span class='ocrx_word' id='word_1_241' title='bbox 1029 2024 1219 2067; x_wconf 87' lang='lat' dir='ltr'><strong>quantum</strong></span> <span class='ocrx_word' id='word_1_242' title='bbox 1248 2017 1493 2055; x_wconf 84' lang='lat' dir='ltr'><strong>intervallum</strong></span> <span class='ocrx_word' id='word_1_243' title='bbox 1515 2016 1562 2054; x_wconf 90' lang='lat' dir='ltr'><strong>sit</strong></span> 
     </span>
    </p>

    <p class='ocr_par' dir='ltr' id='par_1_4' title="bbox 235 2119 1563 2382">
     <span class='ocr_line' id='line_1_31' title="bbox 281 2119 1561 2166; baseline -0.006 -9"><span class='ocrx_word' id='word_1_244' title='bbox 281 2137 293 2157; x_wconf 89' lang='lat'>1</span> <span class='ocrx_word' id='word_1_245' title='bbox 321 2125 435 2165; x_wconf 86' lang='lat' dir='ltr'><strong>Capua</strong></span> <span class='ocrx_word' id='word_1_246' title='bbox 455 2125 523 2166; x_wconf 84' lang='lat' dir='ltr'><strong>(-ae</strong></span> <span class='ocrx_word' id='word_1_247' title='bbox 542 2123 625 2163; x_wconf 76' lang='lat' dir='ltr'><em>Lag.</em></span> <span class='ocrx_word' id='word_1_248' title='bbox 640 2124 677 2163; x_wconf 54' lang='lat'><strong>9)</strong></span> <span class='ocrx_word' id='word_1_249' title='bbox 694 2122 784 2154; x_wconf 77' lang='lat' dir='ltr'><em>codd.</em></span> <span class='ocrx_word' id='word_1_250' title='bbox 803 2135 809 2154; x_wconf 93' lang='lat'>:</span> <span class='ocrx_word' id='word_1_251' title='bbox 835 2133 912 2154; x_wconf 72' lang='lat' dir='ltr'><strong>corr.</strong></span> <span class='ocrx_word' id='word_1_252' title='bbox 934 2121 1112 2152; x_wconf 75' lang='lat' dir='ltr'><strong>Manutius</strong></span> <span class='ocrx_word' id='word_1_253' title='bbox 1201 2131 1220 2160; x_wconf 86' lang='lat'><strong>3</strong></span> <span class='ocrx_word' id='word_1_254' title='bbox 1245 2125 1391 2152; x_wconf 79' lang='lat' dir='ltr'><strong>vestrum</strong></span> <span class='ocrx_word' id='word_1_255' title='bbox 1410 2119 1456 2150; x_wconf 72' lang='lat' dir='ltr'><strong>Ec</strong></span> <span class='ocrx_word' id='word_1_256' title='bbox 1543 2132 1561 2159; x_wconf 86' lang='lat'><strong>4</strong></span> 
     </span>
     <span class='ocr_line' id='line_1_32' title="bbox 235 2164 1563 2209; baseline -0.005 -9"><span class='ocrx_word' id='word_1_257' title='bbox 235 2170 353 2200; x_wconf 84' lang='lat' dir='ltr'><strong>nefarii</strong></span> <span class='ocrx_word' id='word_1_258' title='bbox 368 2168 450 2209; x_wconf 74' lang='lat' dir='ltr'><strong>Lag.</strong></span> <span class='ocrx_word' id='word_1_259' title='bbox 476 2179 507 2209; x_wconf 84' lang='lat'><strong>9,</strong></span> <span class='ocrx_word' id='word_1_260' title='bbox 528 2167 721 2208; x_wconf 75' lang='lat' dir='ltr'><strong>Naugerius</strong></span> <span class='ocrx_word' id='word_1_261' title='bbox 740 2168 788 2206; x_wconf 54' lang='lat'><strong>(1)</strong></span> <span class='ocrx_word' id='word_1_262' title='bbox 880 2170 1026 2197; x_wconf 82' lang='lat' dir='ltr'><strong>nostram</strong></span> <span class='ocrx_word' id='word_1_263' title='bbox 1048 2176 1087 2196; x_wconf 85' lang='lat' dir='ltr'><strong>uc</strong></span> <span class='ocrx_word' id='word_1_264' title='bbox 1217 2175 1235 2204; x_wconf 86' lang='lat'>5</span> <span class='ocrx_word' id='word_1_265' title='bbox 1261 2164 1363 2195; x_wconf 84' lang='lat' dir='ltr'><strong>vestri</strong></span> <span class='ocrx_word' id='word_1_266' title='bbox 1380 2175 1428 2204; x_wconf 78' lang='grc' dir='ltr'><strong>χη</strong></span> <span class='ocrx_word' id='word_1_267' title='bbox 1542 2174 1563 2203; x_wconf 92' lang='lat'>9</span> 
     </span>
     <span class='ocr_line' id='line_1_33' title="bbox 235 2206 1562 2244; baseline -0.005 0"><span class='ocrx_word' id='word_1_268' title='bbox 235 2219 284 2244; x_wconf 78' lang='lat' dir='ltr'><strong>est</strong></span> <span class='ocrx_word' id='word_1_269' title='bbox 301 2224 368 2244; x_wconf 89' lang='lat'><em>0111.</em></span> <span class='ocrx_word' id='word_1_270' title='bbox 387 2224 407 2242; x_wconf 87' lang='lat' dir='ltr'><strong>u</strong></span> <span class='ocrx_word' id='word_1_271' title='bbox 531 2221 565 2241; x_wconf 84' lang='lat'><strong>11</strong></span> <span class='ocrx_word' id='word_1_272' title='bbox 593 2211 720 2242; x_wconf 87' lang='lat' dir='ltr'><strong>duabus</strong></span> <span class='ocrx_word' id='word_1_273' title='bbox 741 2209 927 2241; x_wconf 68' lang='lat' dir='ltr'><strong>Geblmrdt:</strong></span> <span class='ocrx_word' id='word_1_274' title='bbox 952 2210 996 2240; x_wconf 85' lang='lat' dir='ltr'><strong>ita</strong></span> <span class='ocrx_word' id='word_1_275' title='bbox 1013 2208 1101 2240; x_wconf 80' lang='lat' dir='ltr'><em>codd.</em></span> <span class='ocrx_word' id='word_1_276' title='bbox 1120 2219 1126 2239; x_wconf 93' lang='lat'>:</span> <span class='ocrx_word' id='word_1_277' title='bbox 1150 2207 1268 2240; x_wconf 90' lang='lat' dir='ltr'><strong>Italiae</strong></span> <span class='ocrx_word' id='word_1_278' title='bbox 1285 2218 1323 2239; x_wconf 82' lang='lat' dir='ltr'><strong>ac</strong></span> <span class='ocrx_word' id='word_1_279' title='bbox 1341 2206 1562 2238; x_wconf 64' lang='lat' dir='ltr'><strong>Lam-adunus</strong></span> 
     </span>
     <span class='ocr_line' id='line_1_34' title="bbox 240 2250 1561 2296; baseline -0.005 -9"><span class='ocrx_word' id='word_1_280' title='bbox 240 2260 276 2287; x_wconf 84' lang='lat'><strong>16</strong></span> <span class='ocrx_word' id='word_1_281' title='bbox 300 2260 541 2296; x_wconf 83' lang='lat' dir='ltr'><strong>separarentur</strong></span> <span class='ocrx_word' id='word_1_282' title='bbox 559 2254 666 2295; x_wconf 76' lang='lat' dir='ltr'><strong>Lagg.</strong></span> <span class='ocrx_word' id='word_1_283' title='bbox 692 2265 717 2292; x_wconf 86' lang='lat'><strong>1,</strong></span> <span class='ocrx_word' id='word_1_284' title='bbox 739 2264 754 2293; x_wconf 91' lang='lat'><strong>7</strong></span> <span class='ocrx_word' id='word_1_285' title='bbox 776 2255 837 2295; x_wconf 81' lang='lat' dir='ltr'><strong>(m.</strong></span> <span class='ocrx_word' id='word_1_286' title='bbox 856 2255 891 2292; x_wconf 86' lang='lat'><strong>2)</strong></span> <span class='ocrx_word' id='word_1_287' title='bbox 1028 2253 1066 2283; x_wconf 87' lang='lat'><strong>18</strong></span> <span class='ocrx_word' id='word_1_288' title='bbox 1090 2252 1221 2291; x_wconf 84' lang='lat' dir='ltr'><strong>erigere</strong></span> <span class='ocrx_word' id='word_1_289' title='bbox 1238 2251 1267 2292; x_wconf 79' lang='lat' dir='ltr'><strong>k,</strong></span> <span class='ocrx_word' id='word_1_290' title='bbox 1287 2251 1333 2283; x_wconf 80' lang='lat' dir='ltr'><strong>cd.</strong></span> <span class='ocrx_word' id='word_1_291' title='bbox 1348 2250 1402 2281; x_wconf 79' lang='lat' dir='ltr'><strong>R:</strong></span> <span class='ocrx_word' id='word_1_292' title='bbox 1428 2251 1561 2290; x_wconf 84' lang='lat' dir='ltr'><strong>eripere</strong></span> 
     </span>
     <span class='ocr_line' id='line_1_35' title="bbox 235 2294 1561 2338; baseline -0.005 -7"><span class='ocrx_word' id='word_1_293' title='bbox 235 2304 298 2331; x_wconf 78' lang='lat' dir='ltr'><strong>cett.</strong></span> <span class='ocrx_word' id='word_1_294' title='bbox 416 2309 454 2338; x_wconf 89' lang='lat'><strong>19</strong></span> <span class='ocrx_word' id='word_1_295' title='bbox 478 2298 666 2329; x_wconf 85' lang='lat' dir='ltr'><strong>consultum</strong></span> <span class='ocrx_word' id='word_1_296' title='bbox 686 2296 774 2328; x_wconf 85' lang='lat' dir='ltr'><strong>codd.</strong></span> <span class='ocrx_word' id='word_1_297' title='bbox 795 2308 802 2328; x_wconf 77' lang='lat' dir='ltr'><strong>t</strong></span> <span class='ocrx_word' id='word_1_298' title='bbox 826 2307 901 2328; x_wconf 76' lang='lat' dir='ltr'><strong>corr.</strong></span> <span class='ocrx_word' id='word_1_299' title='bbox 924 2295 1111 2327; x_wconf 73' lang='lat' dir='ltr'><strong>Lmuln&#39;nus</strong></span> <span class='ocrx_word' id='word_1_300' title='bbox 1244 2306 1283 2335; x_wconf 83' lang='lat'><strong>27</strong></span> <span class='ocrx_word' id='word_1_301' title='bbox 1310 2294 1561 2335; x_wconf 84' lang='lat' dir='ltr'><strong>comportandis</strong></span> 
     </span>
     <span class='ocr_line' id='line_1_36' title="bbox 235 2342 650 2382; baseline -0.007 -7"><span class='ocrx_word' id='word_1_302' title='bbox 235 2343 282 2375; x_wconf 75' lang='lat' dir='ltr'><strong>Ec</strong></span> <span class='ocrx_word' id='word_1_303' title='bbox 299 2355 305 2374; x_wconf 74' lang='lat' dir='ltr'><em>z</em></span> <span class='ocrx_word' id='word_1_304' title='bbox 331 2342 567 2382; x_wconf 83' lang='lat' dir='ltr'><strong>comparandis</strong></span> <span class='ocrx_word' id='word_1_305' title='bbox 585 2345 650 2373; x_wconf 76' lang='lat' dir='ltr'><strong>cell.</strong></span> 
     </span>
    </p>
   </div>
  </div>
 </body>
</html>
