1747 2620
141 112 189 150 27

139 1335 182 1366 66

213 109 254 150 64
582 105 638 141 M.
669 105 836 141 TVLLI
869 104 1176 143 CICERONIS

213 230 295 267 quo
311 230 357 255 ex
374 216 511 255 ordine
527 216 583 254 vir
598 215 955 266 praestantissimus
976 224 1014 254 et
1035 215 1317 264 ornatissimus,
1334 217 1376 255 L.
1393 216 1539 262 Aelius,

211 289 271 320 est
298 289 335 320 te
362 283 524 320 consule
546 283 762 331 relegatus;
796 281 908 332 plebs
936 282 1121 320 Romana
1141 281 1337 331 perditum
1362 281 1480 332 cupit,
1503 281 1542 319 in

212 346 323 385 cuius
350 355 391 385 tu
413 346 613 384 infamiam
635 359 682 384 ea
701 359 802 396 quae
823 359 892 396 per
911 347 1082 384 latrones
1103 353 1141 384 et
1168 359 1237 396 per
1257 359 1388 384 servos
1409 346 1459 384 de
1480 360 1543 384 me

211 425 344 462 egeras
373 410 572 450 contulisti
588 425 599 458 3
638 410 753 449 Italia
782 418 925 449 cuncta
955 418 1185 457 exsecratur,
1218 410 1329 448 cuius
1363 409 1469 449 idem
1501 417 1541 448 tu

211 477 490 528 superbissime
519 477 677 515 decreta
706 483 744 514 et
774 489 909 526 preces
939 475 1162 526 repudiasti.
1224 477 1303 513 Fac
1331 474 1446 513 huius
1475 474 1542 513 odi

210 542 308 582 tanti
341 556 387 581 ac
421 550 502 581 tam
535 540 707 581 universi
742 541 971 591 periculum,
1006 541 1037 579 si
1070 542 1203 580 audes.
1266 542 1421 579 Instant
1453 548 1543 591 post

210 608 417 647 hominum
467 606 697 646 memoriam
746 605 1033 657 apparatissimi
1086 604 1542 656 magnificentissimique

209 673 302 721 ludi,
326 675 461 724 quales
482 686 563 711 non
585 673 707 710 modo
729 685 946 722 numquam
967 672 1134 718 fuerunt,
1159 671 1229 709 sed
1249 684 1299 709 ne
1319 684 1399 721 quo
1420 671 1542 709 modo

208 738 290 777 fieri
319 738 482 789 quidem
512 739 677 788 posthac
708 736 860 787 possint
891 750 1053 787 possum
1084 738 1165 775 ullo
1194 744 1312 787 pacto
1340 734 1538 786 suspicari.

209 805 272 842 Da
299 811 336 842 te
361 805 520 854 populo,
544 802 749 842 committe
773 802 887 840 ludis.
948 801 1115 841 Sibilum
1136 801 1311 840 metuis?
1344 800 1423 839 Vbi
1451 812 1541 839 sunt

208 877 357 908 vestrae
395 871 586 908 scholae?
644 871 707 908 Ne
739 870 978 907 acclametur
1009 868 1154 906 times?
1208 869 1271 906 Ne
1306 867 1346 906 id
1379 867 1540 919 quidem

208 943 265 974 est
295 949 428 974 curare
459 933 698 986 philosophi.
759 936 904 972 Manus
937 933 1007 972 tibi
1039 947 1089 972 ne
1120 934 1373 972 adferantur?
1417 935 1542 972 Dolor

208 1001 315 1040 enim
352 1008 410 1040 est
449 1002 607 1048 malum,
650 1007 692 1038 ut
733 1007 774 1038 tu
814 1000 1018 1050 disputas3
1066 998 1312 1047 existimatio,
1352 1000 1538 1046 dedecus,

207 1066 377 1114 infamia,
400 1066 603 1118 turpitudo
627 1066 746 1105 verba
775 1073 893 1116 atque
923 1064 1104 1115 ineptiae.
1165 1065 1243 1104 Sed
1273 1066 1323 1104 de
1352 1066 1429 1103 hoc
1457 1078 1539 1103 non

206 1132 374 1180 dubit03
403 1146 484 1171 non
505 1131 669 1170 audebit
690 1132 879 1170 accedere
899 1131 951 1169 ad
970 1131 1097 1169 ludos.
1157 1129 1394 1170 Convivium
1415 1129 1540 1180 publi-

205 1211 295 1236 cum
318 1211 398 1236 non
419 1197 618 1248 dignitatis
640 1210 757 1236 causa
778 1196 902 1244 inibit,
926 1195 1000 1234 nisi
1021 1197 1119 1234 forte
1140 1203 1182 1234 ut
1202 1209 1294 1234 cum
1316 1197 1356 1234 P.
1381 1195 1535 1243 Clodio,

204 1264 281 1302 hoc
319 1270 378 1302 est
416 1277 507 1302 cum
541 1262 741 1302 amoribus
777 1262 868 1309 suis,
905 1269 1030 1308 cenet,
1066 1262 1135 1300 sed
1170 1263 1287 1312 plane
1320 1260 1441 1300 animi
1476 1260 1536 1300 sui

203 1342 344 1376 causa3
391 1330 507 1368 ludos
547 1328 661 1367 nobis
711 1326 886 1366 ‘idiotis'
926 1326 1129 1376 relinquet.
1205 1327 1312 1364 Solet
1351 1325 1456 1364 enim
1496 1326 1536 1364 in

202 1394 535 1444 disputationibus
562 1394 641 1433 suis
668 1395 873 1434 oculorum
900 1400 938 1431 et
965 1391 1116 1431 aurium
1137 1391 1391 1430 delectationi
1417 1392 1538 1430 abdo-

202 1460 316 1498 minis
346 1462 566 1511 voluptates
596 1461 798 1498 anteferre.
863 1460 966 1497 Nam
997 1458 1105 1508 quod
1135 1456 1247 1496 vobis
1281 1456 1353 1495 iste
1383 1464 1534 1495 tantum

200 1526 321 1564 modo
341 1525 554 1576 improbus,
580 1525 759 1572 crudelis,
785 1524 880 1564 olim
911 1524 1152 1570 furunculus,
1175 1535 1282 1568 nunc
1303 1536 1394 1560 vero
1418 1521 1535 1561 etiam

198 1604 324 1640 rapax,
344 1592 453 1641 quod
474 1590 666 1638 sordidus,
691 1591 801 1641 quod
824 1597 1048 1635 contumax,
1071 1588 1180 1638 quod
1201 1587 1405 1638 superbus,
1427 1587 1536 1637 quod

198 1657 321 1703 fallax,
345 1657 453 1706 quod
483 1656 728 1707 perfidiosus,
761 1656 869 1706 quod
902 1654 1122 1705 impudens,
1155 1653 1264 1703 quod
1293 1653 1421 1691 audax
1451 1666 1536 1691 esse

198 1720 384 1768 videatur,
417 1721 514 1759 nihil
553 1721 692 1760 scitote
733 1735 817 1760 esse
854 1719 1098 1766 luxuriosius,
1137 1717 1232 1756 nihil
1272 1717 1532 1764 libidinosius,

198 1785 293 1823 nibil
321 1786 547 1836 protervius,
572 1786 668 1824 nihil
698 1786 886 1836 nequius·
941 1784 1153 1824 Luxuriem
1182 1791 1316 1822 autem
1345 1782 1466 1821 nolite
1496 1782 1533 1820 in

199 1850 272 1888 isto
307 1852 409 1889 hanc
442 1852 622 1902 cogitare.
686 1853 758 1890 Est
791 1851 896 1890 enim
927 1851 1122 1902 quaedam
1154 1863 1265 1899 quae,
1292 1861 1532 1899 quamquam

198 1915 328 1955 omnis
352 1924 411 1955 est
432 1916 571 1956 vitiosa
597 1925 717 1968 atque
739 1916 873 1968 turpis,
895 1922 951 1955 est
978 1923 1109 1954 tamen
1138 1914 1309 1965 ingenuo
1337 1927 1383 1952 ac
1410 1913 1533 1952 libero

242 2032 260 2060 3
285 2026 318 2052 ct
336 2022 412 2063 per]
430 2032 492 2061 per
514 2023 543 2053 V
646 2033 664 2061 4
692 2023 768 2053 item
792 2023 822 2052 V
974 2031 990 2060 7
1017 2019 1264 2060 apparatissimi
1284 2019 1323 2056 P,
1341 2019 1507 2050 Asconius
1525 2029 1531 2049 z

198 2066 402 2103 paratissimi
416 2069 480 2097 cell.
559 2077 592 2096 11
621 2066 719 2097 times
735 2066 785 2096 V:
803 2077 869 2096 0111.
884 2069 947 2097 cell.
1024 2075 1061 2095 12
1085 2064 1269 2095 afferantur
1285 2062 1334 2093 V:
1353 2063 1533 2093 afferantur

197 2108 295 2139 times
312 2112 375 2140 cest.
482 2120 519 2148 13
546 2114 579 2140 tu
597 2110 630 2140 P
646 2111 732 2150 (sup.
752 2109 829 2139 mm
846 2121 851 2139 :
876 2120 942 2140 om.
964 2112 1028 2140 cell.
1137 2117 1173 2146 14
1198 2107 1301 2137 verba
1320 2106 1403 2136 PV:
1430 2105 1531 2136 verba

196 2157 275 2182 suut
292 2155 356 2184 crit.
459 2158 560 2192 atque
579 2164 649 2183 om.
667 2152 710 2182 P¹
817 2153 858 2183 de
876 2152 957 2193 hoc]
977 2153 1058 2182 haec
1082 2151 1113 2180 V
1259 2160 1296 2189 15
1322 2150 1436 2180 dubito
1455 2160 1529 2179 nam

199 2206 264 2226 non
288 2196 319 2225 V
414 2197 558 2227 audebis
575 2196 610 2226 N
722 2197 760 2226 16
785 2196 820 2227 P.
840 2195 960 2226 Clodio
977 2194 1166 2234 Naugerius
1186 2193 1235 2233 (1)
1253 2204 1259 2223 :
1285 2193 1434 2232 patribus
1452 2203 1530 2223 con-

197 2240 330 2279 scriptis
350 2240 397 2273 (P.
419 2241 455 2271 C.
473 2240 568 2280 illm-[J
587 2238 675 2270 codd.
783 2250 818 2278 17
843 2239 1013 2269 amoribus
1032 2237 1229 2268 Manulz'ns:
1255 2235 1461 2267 amatoribus
1483 2236 1530 2265 V:

198 2284 376 2314 maioribus
394 2287 458 2314 fell.
624 2285 660 2312 18
686 2282 772 2312 enim
797 2282 844 2312 V:
869 2294 933 2313 om.
959 2285 1022 2313 cell.
1204 2290 1244 2319 25
1270 2280 1460 2320 proterbius
1480 2278 1529 2308 V:

199 2327 366 2364 posterius
383 2330 447 2357 sall.
659 2326 822 2356 luxuriem
841 2326 892 2356 P:
919 2325 1081 2356 luxuriam
1101 2328 1167 2356 ccll.
1378 2323 1478 2354 nolite
1497 2322 1527 2352 in

199 2370 260 2400 isto
279 2370 357 2401 l‘l':
386 2371 418 2400 iu
439 2370 501 2400 isto
521 2369 623 2400 nolite
642 2373 705 2400 (cll.
864 2371 905 2399 26
928 2380 1012 2408 quac
1033 2369 1080 2398 V:
1107 2379 1172 2399 0111.
1193 2370 1255 2398 cell.
1414 2377 1452 2405 27
1478 2369 1530 2397 est

197 2414 338 2454 snpplcz't

1563 488 1581 520 5

1564 814 1603 837 10

1557 1472 1598 1494 20
