<?xml version="1.0" encoding="UTF-8"?>
<!DOCTYPE html PUBLIC "-//W3C//DTD XHTML 1.0 Transitional//EN"
    "http://www.w3.org/TR/xhtml1/DTD/xhtml1-transitional.dtd">
<html xmlns="http://www.w3.org/1999/xhtml" xml:lang="en" lang="en">
 <head>
  <title>
</title>
<meta http-equiv="Content-Type" content="text/html;charset=utf-8" />
  <meta name='ocr-system' content='tesseract 3.04.00' />
  <meta name='ocr-capabilities' content='ocr_page ocr_carea ocr_par ocr_line ocrx_word'/>
</head>
<body>
  <div class='ocr_page' id='page_1' title='image "./orationesrecogno04ciceuoft/orationesrecogno04ciceuoft_0215.png"; bbox 0 0 1716 2662; ppageno 0'>
   <div class='ocr_carea' id='block_1_1' title="bbox 450 93 1532 142">
    <p class='ocr_par' dir='ltr' id='par_1_1' title="bbox 450 93 1532 142">
     <span class='ocr_line' id='line_1_1' title="bbox 450 93 1532 142; baseline 0.002 -12"><span class='ocrx_word' id='word_1_1' title='bbox 450 93 564 131; x_wconf 79' lang='lat' dir='ltr'><strong>PRo</strong></span> <span class='ocrx_word' id='word_1_2' title='bbox 593 93 637 132; x_wconf 86' lang='lat' dir='ltr'><strong>c.</strong></span> <span class='ocrx_word' id='word_1_3' title='bbox 672 93 910 131; x_wconf 82' lang='lat' dir='ltr'>RABIRIO</span> <span class='ocrx_word' id='word_1_4' title='bbox 942 94 1161 132; x_wconf 81' lang='lat' dir='ltr'><strong>ORATIO</strong></span> <span class='ocrx_word' id='word_1_5' title='bbox 1424 104 1471 132; x_wconf 91' lang='lat'><strong>10</strong></span> <span class='ocrx_word' id='word_1_6' title='bbox 1492 106 1532 142; x_wconf 63' lang='grc' dir='ltr'>η</span> 
     </span>
    </p>
   </div>
   <div class='ocr_carea' id='block_1_2' title="bbox 81 202 1475 2143">
    <p class='ocr_par' dir='ltr' id='par_1_2' title="bbox 81 202 1475 2143">
     <span class='ocr_line' id='line_1_2' title="bbox 144 202 1473 254; baseline 0.002 -13"><span class='ocrx_word' id='word_1_7' title='bbox 144 203 187 241; x_wconf 93' lang='lat' dir='ltr'><strong>L.</strong></span> <span class='ocrx_word' id='word_1_8' title='bbox 220 202 418 251; x_wconf 84' lang='lat' dir='ltr'>Flaccum,</span> <span class='ocrx_word' id='word_1_9' title='bbox 450 202 654 243; x_wconf 90' lang='lat' dir='ltr'><strong>hominem</strong></span> <span class='ocrx_word' id='word_1_10' title='bbox 681 216 772 242; x_wconf 89' lang='lat' dir='ltr'><strong>cum</strong></span> <span class='ocrx_word' id='word_1_11' title='bbox 803 216 957 254; x_wconf 77' lang='lat' dir='ltr'><strong>semper</strong></span> <span class='ocrx_word' id='word_1_12' title='bbox 984 203 1023 242; x_wconf 83' lang='lat' dir='ltr'><strong>in</strong></span> <span class='ocrx_word' id='word_1_13' title='bbox 1050 217 1090 242; x_wconf 86' lang='lat' dir='ltr'><strong>re</strong></span> <span class='ocrx_word' id='word_1_14' title='bbox 1117 203 1287 254; x_wconf 87' lang='lat' dir='ltr'><strong>publica,</strong></span> <span class='ocrx_word' id='word_1_15' title='bbox 1319 211 1403 242; x_wconf 85' lang='lat' dir='ltr'><strong>tum</strong></span> <span class='ocrx_word' id='word_1_16' title='bbox 1432 203 1473 243; x_wconf 90' lang='lat' dir='ltr'><strong>in</strong></span> 
     </span>
     <span class='ocr_line' id='line_1_3' title="bbox 143 266 1474 319; baseline 0.001 -14"><span class='ocrx_word' id='word_1_17' title='bbox 143 266 434 317; x_wconf 87' lang='lat' dir='ltr'><strong>magistratibus</strong></span> <span class='ocrx_word' id='word_1_18' title='bbox 467 269 660 318; x_wconf 79' lang='lat' dir='ltr'><strong>gerendis,</strong></span> <span class='ocrx_word' id='word_1_19' title='bbox 697 268 738 307; x_wconf 93' lang='lat' dir='ltr'><strong>in</strong></span> <span class='ocrx_word' id='word_1_20' title='bbox 773 268 994 307; x_wconf 87' lang='lat' dir='ltr'><strong>sacerdotio</strong></span> <span class='ocrx_word' id='word_1_21' title='bbox 1028 268 1358 318; x_wconf 81' lang='lat' dir='ltr'><strong>caerimoniisque</strong></span> <span class='ocrx_word' id='word_1_22' title='bbox 1392 269 1474 319; x_wconf 87' lang='lat' dir='ltr'><strong>qui-</strong></span> 
     </span>
     <span class='ocr_line' id='line_1_4' title="bbox 144 333 1473 384; baseline 0.001 -13"><span class='ocrx_word' id='word_1_23' title='bbox 144 333 217 371; x_wconf 92' lang='lat' dir='ltr'><strong>bus</strong></span> <span class='ocrx_word' id='word_1_24' title='bbox 251 341 427 384; x_wconf 80' lang='lat' dir='ltr'><strong>praeerat</strong></span> <span class='ocrx_word' id='word_1_25' title='bbox 460 334 818 384; x_wconf 85' lang='lat' dir='ltr'><strong>diligentissimum,</strong></span> <span class='ocrx_word' id='word_1_26' title='bbox 852 334 986 372; x_wconf 88' lang='lat' dir='ltr'><strong>nefarii</strong></span> <span class='ocrx_word' id='word_1_27' title='bbox 1022 334 1176 373; x_wconf 88' lang='lat' dir='ltr'><strong>sceleris</strong></span> <span class='ocrx_word' id='word_1_28' title='bbox 1211 348 1257 372; x_wconf 89' lang='lat' dir='ltr'><strong>ac</strong></span> <span class='ocrx_word' id='word_1_29' title='bbox 1292 334 1473 384; x_wconf 83' lang='lat' dir='ltr'><strong>parricidi</strong></span> 
     </span>
     <span class='ocr_line' id='line_1_5' title="bbox 143 399 1473 449; baseline 0.002 -13"><span class='ocrx_word' id='word_1_30' title='bbox 143 406 342 437; x_wconf 86' lang='lat' dir='ltr'><strong>mortuum</strong></span> <span class='ocrx_word' id='word_1_31' title='bbox 380 399 768 438; x_wconf 81' lang='lat' dir='ltr'><strong>condemnabimus?</strong></span> <span class='ocrx_word' id='word_1_32' title='bbox 813 399 1073 449; x_wconf 80' lang='lat' dir='ltr'><strong>adiungemus</strong></span> <span class='ocrx_word' id='word_1_33' title='bbox 1112 401 1163 438; x_wconf 90' lang='lat' dir='ltr'><strong>ad</strong></span> <span class='ocrx_word' id='word_1_34' title='bbox 1202 401 1305 438; x_wconf 87' lang='lat' dir='ltr'><strong>hanc</strong></span> <span class='ocrx_word' id='word_1_35' title='bbox 1343 401 1473 438; x_wconf 90' lang='lat' dir='ltr'><strong>labem</strong></span> 
     </span>
     <span class='ocr_line' id='line_1_6' title="bbox 104 463 1471 515; baseline 0.001 -13"><span class='ocrx_word' id='word_1_36' title='bbox 104 476 122 509; x_wconf 86' lang='lat'>5</span> <span class='ocrx_word' id='word_1_37' title='bbox 142 463 480 515; x_wconf 82' lang='lat' dir='ltr'><strong>ignominiamque</strong></span> <span class='ocrx_word' id='word_1_38' title='bbox 500 464 634 503; x_wconf 90' lang='lat' dir='ltr'><strong>mortis</strong></span> <span class='ocrx_word' id='word_1_39' title='bbox 659 465 777 504; x_wconf 83' lang='lat' dir='ltr'><strong>etiam</strong></span> <span class='ocrx_word' id='word_1_40' title='bbox 799 467 843 505; x_wconf 94' lang='lat' dir='ltr'><strong>C.</strong></span> <span class='ocrx_word' id='word_1_41' title='bbox 868 466 969 505; x_wconf 84' lang='lat' dir='ltr'><strong>Mari</strong></span> <span class='ocrx_word' id='word_1_42' title='bbox 997 468 1173 506; x_wconf 85' lang='lat' dir='ltr'><strong>nomen?</strong></span> <span class='ocrx_word' id='word_1_43' title='bbox 1218 468 1261 505; x_wconf 93' lang='lat' dir='ltr'><strong>C.</strong></span> <span class='ocrx_word' id='word_1_44' title='bbox 1288 466 1471 514; x_wconf 83' lang='lat' dir='ltr'><strong>Marium,</strong></span> 
     </span>
     <span class='ocr_line' id='line_1_7' title="bbox 142 530 1475 581; baseline 0.002 -14"><span class='ocrx_word' id='word_1_45' title='bbox 142 542 260 579; x_wconf 90' lang='lat' dir='ltr'><strong>quem</strong></span> <span class='ocrx_word' id='word_1_46' title='bbox 281 543 370 568; x_wconf 76' lang='lat' dir='ltr'><strong>vere</strong></span> <span class='ocrx_word' id='word_1_47' title='bbox 393 537 544 580; x_wconf 87' lang='lat' dir='ltr'><strong>patrem</strong></span> <span class='ocrx_word' id='word_1_48' title='bbox 567 530 726 581; x_wconf 85' lang='lat' dir='ltr'><strong>patriae,</strong></span> <span class='ocrx_word' id='word_1_49' title='bbox 752 539 969 581; x_wconf 88' lang='lat' dir='ltr'><strong>parentem,</strong></span> <span class='ocrx_word' id='word_1_50' title='bbox 989 531 1163 581; x_wconf 88' lang='lat' dir='ltr'><strong>inquam,</strong></span> <span class='ocrx_word' id='word_1_51' title='bbox 1190 539 1340 570; x_wconf 80' lang='lat' dir='ltr'><strong>vestrae</strong></span> <span class='ocrx_word' id='word_1_52' title='bbox 1364 532 1475 570; x_wconf 90' lang='lat' dir='ltr'><strong>liber-</strong></span> 
     </span>
     <span class='ocr_line' id='line_1_8' title="bbox 142 594 1473 647; baseline 0.002 -15"><span class='ocrx_word' id='word_1_53' title='bbox 142 594 231 633; x_wconf 84' lang='lat' dir='ltr'><strong>tatis</strong></span> <span class='ocrx_word' id='word_1_54' title='bbox 261 602 381 644; x_wconf 89' lang='lat' dir='ltr'><strong>atque</strong></span> <span class='ocrx_word' id='word_1_55' title='bbox 411 594 576 634; x_wconf 83' lang='lat' dir='ltr'><strong>huiusce</strong></span> <span class='ocrx_word' id='word_1_56' title='bbox 606 594 661 634; x_wconf 89' lang='lat' dir='ltr'><strong>rei</strong></span> <span class='ocrx_word' id='word_1_57' title='bbox 693 596 874 646; x_wconf 91' lang='lat' dir='ltr'><strong>publicae</strong></span> <span class='ocrx_word' id='word_1_58' title='bbox 904 609 1114 647; x_wconf 87' lang='lat' dir='ltr'><strong>possumus</strong></span> <span class='ocrx_word' id='word_1_59' title='bbox 1145 596 1287 644; x_wconf 89' lang='lat' dir='ltr'><strong>dicere,</strong></span> <span class='ocrx_word' id='word_1_60' title='bbox 1317 597 1473 635; x_wconf 90' lang='lat' dir='ltr'><strong>sceleris</strong></span> 
     </span>
     <span class='ocr_line' id='line_1_9' title="bbox 141 659 1471 710; baseline 0.002 -13"><span class='ocrx_word' id='word_1_61' title='bbox 141 672 188 698; x_wconf 84' lang='lat' dir='ltr'><strong>ae</strong></span> <span class='ocrx_word' id='word_1_62' title='bbox 208 659 389 710; x_wconf 88' lang='lat' dir='ltr'><strong>parricidi</strong></span> <span class='ocrx_word' id='word_1_63' title='bbox 414 660 549 699; x_wconf 89' lang='lat' dir='ltr'><strong>nefarii</strong></span> <span class='ocrx_word' id='word_1_64' title='bbox 571 668 770 699; x_wconf 90' lang='lat' dir='ltr'><strong>mortuum</strong></span> <span class='ocrx_word' id='word_1_65' title='bbox 800 661 1189 700; x_wconf 83' lang='lat' dir='ltr'><strong>condemnabimus?</strong></span> <span class='ocrx_word' id='word_1_66' title='bbox 1257 661 1416 700; x_wconf 90' lang='lat' dir='ltr'><strong>Etenim</strong></span> <span class='ocrx_word' id='word_1_67' title='bbox 1440 662 1471 700; x_wconf 91' lang='lat' dir='ltr'><strong>si</strong></span> 
     </span>
     <span class='ocr_line' id='line_1_10' title="bbox 143 724 1473 778; baseline 0.002 -15"><span class='ocrx_word' id='word_1_68' title='bbox 143 724 187 763; x_wconf 89' lang='lat' dir='ltr'><strong>C.</strong></span> <span class='ocrx_word' id='word_1_69' title='bbox 212 724 385 772; x_wconf 83' lang='lat' dir='ltr'><strong>Rabirio,</strong></span> <span class='ocrx_word' id='word_1_70' title='bbox 409 726 516 775; x_wconf 89' lang='lat' dir='ltr'><strong>quod</strong></span> <span class='ocrx_word' id='word_1_71' title='bbox 535 724 576 763; x_wconf 93' lang='lat' dir='ltr'><strong>iit</strong></span> <span class='ocrx_word' id='word_1_72' title='bbox 596 725 647 764; x_wconf 92' lang='lat' dir='ltr'><strong>ad</strong></span> <span class='ocrx_word' id='word_1_73' title='bbox 667 739 785 773; x_wconf 85' lang='lat' dir='ltr'><strong>arma,</strong></span> <span class='ocrx_word' id='word_1_74' title='bbox 805 739 960 765; x_wconf 88' lang='lat' dir='ltr'><strong>crucem</strong></span> <span class='ocrx_word' id='word_1_75' title='bbox 982 728 1028 765; x_wconf 87' lang='lat' dir='ltr'><strong>T.</strong></span> <span class='ocrx_word' id='word_1_76' title='bbox 1049 726 1249 765; x_wconf 82' lang='lat' dir='ltr'><strong>Labienus</strong></span> <span class='ocrx_word' id='word_1_77' title='bbox 1270 726 1309 766; x_wconf 90' lang='lat' dir='ltr'><strong>in</strong></span> <span class='ocrx_word' id='word_1_78' title='bbox 1331 740 1473 778; x_wconf 87' lang='lat' dir='ltr'><strong>campo</strong></span> 
     </span>
     <span class='ocr_line' id='line_1_11' title="bbox 86 789 1473 842; baseline 0.003 -16"><span class='ocrx_word' id='word_1_79' title='bbox 86 805 123 827; x_wconf 91' lang='lat'><strong>10</strong></span> <span class='ocrx_word' id='word_1_80' title='bbox 145 789 289 827; x_wconf 84' lang='lat' dir='ltr'><strong>Martio</strong></span> <span class='ocrx_word' id='word_1_81' title='bbox 316 790 570 840; x_wconf 82' lang='lat' dir='ltr'><strong>defigendam</strong></span> <span class='ocrx_word' id='word_1_82' title='bbox 594 790 761 841; x_wconf 85' lang='lat' dir='ltr'><strong>putavit,</strong></span> <span class='ocrx_word' id='word_1_83' title='bbox 788 792 899 841; x_wconf 92' lang='lat' dir='ltr'><strong>quod</strong></span> <span class='ocrx_word' id='word_1_84' title='bbox 929 793 1090 830; x_wconf 86' lang='lat' dir='ltr'><strong>tandem</strong></span> <span class='ocrx_word' id='word_1_85' title='bbox 1121 791 1404 842; x_wconf 82' lang='lat' dir='ltr'><strong>excogitabitur</strong></span> <span class='ocrx_word' id='word_1_86' title='bbox 1433 793 1473 830; x_wconf 90' lang='lat' dir='ltr'><strong>in</strong></span> 
     </span>
     <span class='ocr_line' id='line_1_12' title="bbox 141 855 1474 905; baseline 0.003 -13"><span class='ocrx_word' id='word_1_87' title='bbox 141 868 232 892; x_wconf 91' lang='lat' dir='ltr'><strong>eum</strong></span> <span class='ocrx_word' id='word_1_88' title='bbox 258 855 495 905; x_wconf 88' lang='lat' dir='ltr'><strong>supplicium</strong></span> <span class='ocrx_word' id='word_1_89' title='bbox 526 855 592 905; x_wconf 89' lang='lat' dir='ltr'><strong>qui</strong></span> <span class='ocrx_word' id='word_1_90' title='bbox 623 856 805 895; x_wconf 77' lang='lat' dir='ltr'><strong>vocavit?</strong></span> <span class='ocrx_word' id='word_1_91' title='bbox 862 859 922 895; x_wconf 88' lang='lat' dir='ltr'><strong>Ac</strong></span> <span class='ocrx_word' id='word_1_92' title='bbox 952 856 983 895; x_wconf 90' lang='lat' dir='ltr'><strong>si</strong></span> <span class='ocrx_word' id='word_1_93' title='bbox 1013 858 1111 896; x_wconf 84' lang='lat' dir='ltr'><strong>fides</strong></span> <span class='ocrx_word' id='word_1_94' title='bbox 1141 857 1352 895; x_wconf 87' lang='lat' dir='ltr'><strong>Saturnino</strong></span> <span class='ocrx_word' id='word_1_95' title='bbox 1382 859 1474 896; x_wconf 87' lang='lat' dir='ltr'><strong>data</strong></span> 
     </span>
     <span class='ocr_line' id='line_1_13' title="bbox 141 920 1473 971; baseline 0.002 -14"><span class='ocrx_word' id='word_1_96' title='bbox 141 927 209 967; x_wconf 85' lang='lat' dir='ltr'><strong>est,</strong></span> <span class='ocrx_word' id='word_1_97' title='bbox 238 921 347 970; x_wconf 92' lang='lat' dir='ltr'><strong>quod</strong></span> <span class='ocrx_word' id='word_1_98' title='bbox 375 920 446 958; x_wconf 89' lang='lat' dir='ltr'><strong>abs</strong></span> <span class='ocrx_word' id='word_1_99' title='bbox 476 928 514 959; x_wconf 87' lang='lat' dir='ltr'><strong>te</strong></span> <span class='ocrx_word' id='word_1_100' title='bbox 542 920 769 971; x_wconf 88' lang='lat' dir='ltr'><strong>saepissime</strong></span> <span class='ocrx_word' id='word_1_101' title='bbox 799 922 950 969; x_wconf 90' lang='lat' dir='ltr'><strong>dicitur,</strong></span> <span class='ocrx_word' id='word_1_102' title='bbox 983 935 1064 961; x_wconf 86' lang='lat' dir='ltr'><strong>non</strong></span> <span class='ocrx_word' id='word_1_103' title='bbox 1094 936 1180 961; x_wconf 89' lang='lat' dir='ltr'><strong>eam</strong></span> <span class='ocrx_word' id='word_1_104' title='bbox 1211 923 1256 962; x_wconf 90' lang='lat' dir='ltr'><strong>C.</strong></span> <span class='ocrx_word' id='word_1_105' title='bbox 1290 922 1473 961; x_wconf 89' lang='lat' dir='ltr'><strong>Rabirius</strong></span> 
     </span>
     <span class='ocr_line' id='line_1_14' title="bbox 141 985 1470 1037; baseline 0.003 -15"><span class='ocrx_word' id='word_1_106' title='bbox 141 985 211 1022; x_wconf 87' lang='lat' dir='ltr'><strong>sed</strong></span> <span class='ocrx_word' id='word_1_107' title='bbox 232 986 276 1024; x_wconf 91' lang='lat' dir='ltr'><strong>C.</strong></span> <span class='ocrx_word' id='word_1_108' title='bbox 306 985 455 1023; x_wconf 85' lang='lat' dir='ltr'><strong>Marius</strong></span> <span class='ocrx_word' id='word_1_109' title='bbox 482 986 603 1033; x_wconf 89' lang='lat' dir='ltr'><strong>dedit,</strong></span> <span class='ocrx_word' id='word_1_110' title='bbox 627 986 813 1037; x_wconf 85' lang='lat' dir='ltr'><strong>idemque</strong></span> <span class='ocrx_word' id='word_1_111' title='bbox 838 987 1006 1035; x_wconf 83' lang='lat' dir='ltr'><strong>violavit,</strong></span> <span class='ocrx_word' id='word_1_112' title='bbox 1031 987 1062 1026; x_wconf 87' lang='lat' dir='ltr'><strong>si</strong></span> <span class='ocrx_word' id='word_1_113' title='bbox 1087 988 1125 1025; x_wconf 92' lang='lat' dir='ltr'><strong>in</strong></span> <span class='ocrx_word' id='word_1_114' title='bbox 1147 989 1226 1026; x_wconf 87' lang='lat' dir='ltr'><strong>fide</strong></span> <span class='ocrx_word' id='word_1_115' title='bbox 1253 1001 1333 1026; x_wconf 92' lang='lat' dir='ltr'><strong>non</strong></span> <span class='ocrx_word' id='word_1_116' title='bbox 1354 988 1470 1026; x_wconf 88' lang='lat' dir='ltr'><strong>stetit.</strong></span> 
     </span>
     <span class='ocr_line' id='line_1_15' title="bbox 143 1050 1473 1102; baseline 0.004 -15"><span class='ocrx_word' id='word_1_117' title='bbox 143 1050 256 1099; x_wconf 87' lang='lat' dir='ltr'><strong>Quae</strong></span> <span class='ocrx_word' id='word_1_118' title='bbox 277 1051 384 1098; x_wconf 89' lang='lat' dir='ltr'><strong>fides,</strong></span> <span class='ocrx_word' id='word_1_119' title='bbox 409 1050 596 1099; x_wconf 86' lang='lat' dir='ltr'><strong>Labiene,</strong></span> <span class='ocrx_word' id='word_1_120' title='bbox 618 1052 685 1102; x_wconf 92' lang='lat' dir='ltr'><strong>qui</strong></span> <span class='ocrx_word' id='word_1_121' title='bbox 706 1052 834 1102; x_wconf 89' lang='lat' dir='ltr'><strong>potuit</strong></span> <span class='ocrx_word' id='word_1_122' title='bbox 856 1053 939 1091; x_wconf 91' lang='lat' dir='ltr'><strong>sine</strong></span> <span class='ocrx_word' id='word_1_123' title='bbox 965 1061 1123 1091; x_wconf 85' lang='lat' dir='ltr'><strong>senatus</strong></span> <span class='ocrx_word' id='word_1_124' title='bbox 1152 1055 1333 1092; x_wconf 87' lang='lat' dir='ltr'><strong>consulto</strong></span> <span class='ocrx_word' id='word_1_125' title='bbox 1361 1054 1473 1092; x_wconf 82' lang='lat' dir='ltr'><strong>dari?</strong></span> 
     </span>
     <span class='ocr_line' id='line_1_16' title="bbox 85 1115 1473 1168; baseline 0.004 -18"><span class='ocrx_word' id='word_1_126' title='bbox 85 1129 121 1162; x_wconf 83' lang='lat'><strong>15</strong></span> <span class='ocrx_word' id='word_1_127' title='bbox 141 1115 309 1154; x_wconf 80' lang='lat' dir='ltr'><strong>Adeone</strong></span> <span class='ocrx_word' id='word_1_128' title='bbox 336 1116 480 1166; x_wconf 88' lang='lat' dir='ltr'><strong>hospes</strong></span> <span class='ocrx_word' id='word_1_129' title='bbox 501 1129 537 1154; x_wconf 86' lang='lat' dir='ltr'><strong>es</strong></span> <span class='ocrx_word' id='word_1_130' title='bbox 557 1116 721 1156; x_wconf 88' lang='lat' dir='ltr'><strong>huiusce</strong></span> <span class='ocrx_word' id='word_1_131' title='bbox 745 1118 862 1165; x_wconf 88' lang='lat' dir='ltr'><strong>urbis,</strong></span> <span class='ocrx_word' id='word_1_132' title='bbox 886 1119 1040 1156; x_wconf 91' lang='lat' dir='ltr'><strong>adeone</strong></span> <span class='ocrx_word' id='word_1_133' title='bbox 1063 1118 1220 1168; x_wconf 82' lang='lat' dir='ltr'><strong>ignarus</strong></span> <span class='ocrx_word' id='word_1_134' title='bbox 1242 1118 1473 1168; x_wconf 86' lang='lat' dir='ltr'><strong>disciplinae</strong></span> 
     </span>
     <span class='ocr_line' id='line_1_17' title="bbox 141 1180 1474 1233; baseline 0.003 -16"><span class='ocrx_word' id='word_1_135' title='bbox 141 1180 519 1231; x_wconf 88' lang='lat' dir='ltr'><strong>consuetudinisque</strong></span> <span class='ocrx_word' id='word_1_136' title='bbox 548 1189 704 1220; x_wconf 89' lang='lat' dir='ltr'><strong>nostrae</strong></span> <span class='ocrx_word' id='word_1_137' title='bbox 725 1190 766 1220; x_wconf 89' lang='lat' dir='ltr'><strong>ut</strong></span> <span class='ocrx_word' id='word_1_138' title='bbox 791 1183 889 1221; x_wconf 85' lang='lat' dir='ltr'><strong>haec</strong></span> <span class='ocrx_word' id='word_1_139' title='bbox 917 1183 1080 1229; x_wconf 89' lang='lat' dir='ltr'><strong>nescias,</strong></span> <span class='ocrx_word' id='word_1_140' title='bbox 1105 1190 1147 1220; x_wconf 88' lang='lat' dir='ltr'><strong>ut</strong></span> <span class='ocrx_word' id='word_1_141' title='bbox 1172 1182 1405 1233; x_wconf 86' lang='lat' dir='ltr'><strong>peregrinari</strong></span> <span class='ocrx_word' id='word_1_142' title='bbox 1433 1183 1474 1221; x_wconf 87' lang='lat' dir='ltr'><strong>in</strong></span> 
     </span>
     <span class='ocr_line' id='line_1_18' title="bbox 139 1245 1474 1298; baseline 0.003 -16"><span class='ocrx_word' id='word_1_143' title='bbox 139 1245 266 1283; x_wconf 88' lang='lat' dir='ltr'><strong>aliena</strong></span> <span class='ocrx_word' id='word_1_144' title='bbox 300 1245 464 1292; x_wconf 90' lang='lat' dir='ltr'><strong>civitate,</strong></span> <span class='ocrx_word' id='word_1_145' title='bbox 506 1259 587 1284; x_wconf 89' lang='lat' dir='ltr'><strong>non</strong></span> <span class='ocrx_word' id='word_1_146' title='bbox 626 1246 666 1284; x_wconf 89' lang='lat' dir='ltr'><strong>in</strong></span> <span class='ocrx_word' id='word_1_147' title='bbox 704 1254 771 1285; x_wconf 89' lang='lat' dir='ltr'><strong>tua</strong></span> <span class='ocrx_word' id='word_1_148' title='bbox 810 1247 1079 1297; x_wconf 82' lang='lat' dir='ltr'><strong>magistratum</strong></span> <span class='ocrx_word' id='word_1_149' title='bbox 1117 1261 1249 1298; x_wconf 89' lang='lat' dir='ltr'><strong>gerere</strong></span> <span class='ocrx_word' id='word_1_150' title='bbox 1287 1248 1474 1287; x_wconf 86' lang='lat' dir='ltr'><strong>videare?</strong></span> 
     </span>
     <span class='ocr_line' id='line_1_19' title="bbox 143 1309 1470 1363; baseline 0.004 -16"><span class='ocrx_word' id='word_1_151' title='bbox 143 1309 274 1359; x_wconf 82' lang='lat' dir='ltr'><strong>‘Quid</strong></span> <span class='ocrx_word' id='word_1_152' title='bbox 295 1309 372 1349; x_wconf 87' lang='lat' dir='ltr'><strong>iam</strong></span> <span class='ocrx_word' id='word_1_153' title='bbox 394 1310 466 1349; x_wconf 87' lang='lat' dir='ltr'><strong>ista</strong></span> <span class='ocrx_word' id='word_1_154' title='bbox 488 1312 531 1350; x_wconf 91' lang='lat' dir='ltr'><strong>C.</strong></span> <span class='ocrx_word' id='word_1_155' title='bbox 556 1311 708 1359; x_wconf 55' lang='lat' dir='ltr'><strong>Marioss</strong></span> <span class='ocrx_word' id='word_1_156' title='bbox 730 1312 867 1363; x_wconf 87' lang='lat' dir='ltr'><strong>inquit,</strong></span> <span class='ocrx_word' id='word_1_157' title='bbox 892 1316 1056 1352; x_wconf 87' lang='lat' dir='ltr'><strong>‘nocere</strong></span> <span class='ocrx_word' id='word_1_158' title='bbox 1081 1321 1262 1363; x_wconf 85' lang='lat' dir='ltr'><strong>possunt,</strong></span> <span class='ocrx_word' id='word_1_159' title='bbox 1282 1313 1470 1363; x_wconf 88' lang='lat' dir='ltr'><strong>quoniam</strong></span> 
     </span>
     <span class='ocr_line' id='line_1_20' title="bbox 141 1376 1472 1417; baseline 0.003 -4"><span class='ocrx_word' id='word_1_160' title='bbox 141 1389 258 1414; x_wconf 82' lang='lat' dir='ltr'><strong>sensu</strong></span> <span class='ocrx_word' id='word_1_161' title='bbox 301 1384 340 1414; x_wconf 91' lang='lat' dir='ltr'><strong>et</strong></span> <span class='ocrx_word' id='word_1_162' title='bbox 386 1376 465 1415; x_wconf 87' lang='lat' dir='ltr'><strong>vita</strong></span> <span class='ocrx_word' id='word_1_163' title='bbox 506 1379 658 1417; x_wconf 87' lang='lat' dir='ltr'><strong>caret?’</strong></span> <span class='ocrx_word' id='word_1_164' title='bbox 710 1379 823 1416; x_wconf 90' lang='lat' dir='ltr'><strong>Itane</strong></span> <span class='ocrx_word' id='word_1_165' title='bbox 864 1381 984 1417; x_wconf 84' lang='lat' dir='ltr'><strong>vero?</strong></span> <span class='ocrx_word' id='word_1_166' title='bbox 1032 1379 1149 1417; x_wconf 85' lang='lat' dir='ltr'><strong>tantis</strong></span> <span class='ocrx_word' id='word_1_167' title='bbox 1189 1378 1230 1417; x_wconf 89' lang='lat' dir='ltr'><strong>in</strong></span> <span class='ocrx_word' id='word_1_168' title='bbox 1272 1379 1472 1417; x_wconf 87' lang='lat' dir='ltr'><strong>laboribus</strong></span> 
     </span>
     <span class='ocr_line' id='line_1_21' title="bbox 83 1441 1472 1494; baseline 0.001 -14"><span class='ocrx_word' id='word_1_169' title='bbox 83 1458 122 1480; x_wconf 92' lang='lat'><strong>20</strong></span> <span class='ocrx_word' id='word_1_170' title='bbox 142 1442 185 1481; x_wconf 92' lang='lat' dir='ltr'><strong>C.</strong></span> <span class='ocrx_word' id='word_1_171' title='bbox 233 1441 383 1480; x_wconf 89' lang='lat' dir='ltr'><strong>Marius</strong></span> <span class='ocrx_word' id='word_1_172' title='bbox 425 1442 688 1492; x_wconf 89' lang='lat' dir='ltr'><strong>periculisque</strong></span> <span class='ocrx_word' id='word_1_173' title='bbox 730 1443 897 1491; x_wconf 74' lang='lat' dir='ltr'><strong>vixisset,</strong></span> <span class='ocrx_word' id='word_1_174' title='bbox 941 1443 972 1482; x_wconf 88' lang='lat' dir='ltr'><strong>si</strong></span> <span class='ocrx_word' id='word_1_175' title='bbox 1015 1444 1112 1482; x_wconf 90' lang='lat' dir='ltr'><strong>nihil</strong></span> <span class='ocrx_word' id='word_1_176' title='bbox 1155 1444 1310 1493; x_wconf 82' lang='lat' dir='ltr'><strong>longius</strong></span> <span class='ocrx_word' id='word_1_177' title='bbox 1354 1458 1472 1494; x_wconf 88' lang='lat' dir='ltr'><strong>quam</strong></span> 
     </span>
     <span class='ocr_line' id='line_1_22' title="bbox 140 1506 1473 1559; baseline 0.003 -15"><span class='ocrx_word' id='word_1_178' title='bbox 140 1506 243 1545; x_wconf 85' lang='lat' dir='ltr'><strong>vitae</strong></span> <span class='ocrx_word' id='word_1_179' title='bbox 268 1506 424 1545; x_wconf 90' lang='lat' dir='ltr'><strong>termini</strong></span> <span class='ocrx_word' id='word_1_180' title='bbox 456 1508 710 1558; x_wconf 85' lang='lat' dir='ltr'><strong>postulabant</strong></span> <span class='ocrx_word' id='word_1_181' title='bbox 737 1522 806 1558; x_wconf 89' lang='lat' dir='ltr'><strong>spe</strong></span> <span class='ocrx_word' id='word_1_182' title='bbox 835 1516 954 1559; x_wconf 89' lang='lat' dir='ltr'><strong>atque</strong></span> <span class='ocrx_word' id='word_1_183' title='bbox 983 1509 1117 1547; x_wconf 91' lang='lat' dir='ltr'><strong>animo</strong></span> <span class='ocrx_word' id='word_1_184' title='bbox 1146 1510 1196 1547; x_wconf 90' lang='lat' dir='ltr'><strong>de</strong></span> <span class='ocrx_word' id='word_1_185' title='bbox 1224 1522 1265 1547; x_wconf 89' lang='lat' dir='ltr'><strong>se</strong></span> <span class='ocrx_word' id='word_1_186' title='bbox 1290 1517 1328 1547; x_wconf 92' lang='lat' dir='ltr'><strong>et</strong></span> <span class='ocrx_word' id='word_1_187' title='bbox 1351 1509 1473 1559; x_wconf 83' lang='lat' dir='ltr'><strong>gloria</strong></span> 
     </span>
     <span class='ocr_line' id='line_1_23' title="bbox 141 1571 1472 1620; baseline 0.003 -12"><span class='ocrx_word' id='word_1_188' title='bbox 141 1583 211 1608; x_wconf 89' lang='lat' dir='ltr'><strong>sua</strong></span> <span class='ocrx_word' id='word_1_189' title='bbox 249 1571 487 1620; x_wconf 84' lang='lat' dir='ltr'><strong>cogitasset?</strong></span> <span class='ocrx_word' id='word_1_190' title='bbox 543 1574 607 1620; x_wconf 83' lang='lat' dir='ltr'><strong>At,</strong></span> <span class='ocrx_word' id='word_1_191' title='bbox 651 1574 781 1620; x_wconf 87' lang='lat' dir='ltr'><strong>credo,</strong></span> <span class='ocrx_word' id='word_1_192' title='bbox 823 1587 913 1612; x_wconf 88' lang='lat' dir='ltr'><strong>cum</strong></span> <span class='ocrx_word' id='word_1_193' title='bbox 958 1573 1254 1612; x_wconf 89' lang='lat' dir='ltr'><strong>innumerabilis</strong></span> <span class='ocrx_word' id='word_1_194' title='bbox 1298 1574 1472 1612; x_wconf 87' lang='lat' dir='ltr'><strong>hostium</strong></span> 
     </span>
     <span class='ocr_line' id='line_1_24' title="bbox 141 1635 1471 1690; baseline 0.003 -17"><span class='ocrx_word' id='word_1_195' title='bbox 141 1635 273 1686; x_wconf 86' lang='lat' dir='ltr'><strong>copias</strong></span> <span class='ocrx_word' id='word_1_196' title='bbox 313 1636 352 1674; x_wconf 92' lang='lat' dir='ltr'><strong>in</strong></span> <span class='ocrx_word' id='word_1_197' title='bbox 393 1637 506 1676; x_wconf 86' lang='lat' dir='ltr'><strong>Italia</strong></span> <span class='ocrx_word' id='word_1_198' title='bbox 544 1637 708 1677; x_wconf 82' lang='lat' dir='ltr'><strong>fudisset</strong></span> <span class='ocrx_word' id='word_1_199' title='bbox 746 1646 865 1689; x_wconf 88' lang='lat' dir='ltr'><strong>atque</strong></span> <span class='ocrx_word' id='word_1_200' title='bbox 903 1639 1112 1677; x_wconf 82' lang='lat' dir='ltr'><strong>obsidione</strong></span> <span class='ocrx_word' id='word_1_201' title='bbox 1152 1653 1233 1677; x_wconf 89' lang='lat' dir='ltr'><strong>rem</strong></span> <span class='ocrx_word' id='word_1_202' title='bbox 1272 1640 1471 1690; x_wconf 88' lang='lat' dir='ltr'><strong>publicam</strong></span> 
     </span>
     <span class='ocr_line' id='line_1_25' title="bbox 141 1701 1466 1749; baseline 0.003 -10"><span class='ocrx_word' id='word_1_203' title='bbox 141 1701 352 1749; x_wconf 85' lang='lat' dir='ltr'><strong>liberasset,</strong></span> <span class='ocrx_word' id='word_1_204' title='bbox 394 1703 528 1742; x_wconf 88' lang='lat' dir='ltr'><strong>omnia</strong></span> <span class='ocrx_word' id='word_1_205' title='bbox 566 1717 636 1742; x_wconf 86' lang='lat' dir='ltr'><strong>sua</strong></span> <span class='ocrx_word' id='word_1_206' title='bbox 674 1717 809 1742; x_wconf 88' lang='lat' dir='ltr'><strong>secum</strong></span> <span class='ocrx_word' id='word_1_207' title='bbox 848 1718 926 1743; x_wconf 90' lang='lat' dir='ltr'><strong>una</strong></span> <span class='ocrx_word' id='word_1_208' title='bbox 966 1704 1152 1743; x_wconf 90' lang='lat' dir='ltr'><strong>moritura</strong></span> <span class='ocrx_word' id='word_1_209' title='bbox 1197 1705 1466 1745; x_wconf 88' lang='lat' dir='ltr'><strong>arbitrabatur.</strong></span> 
     </span>
     <span class='ocr_line' id='line_1_26' title="bbox 82 1767 1470 1820; baseline 0.003 -16"><span class='ocrx_word' id='word_1_210' title='bbox 82 1781 121 1812; x_wconf 84' lang='lat'><strong>25</strong></span> <span class='ocrx_word' id='word_1_211' title='bbox 142 1767 235 1805; x_wconf 91' lang='lat' dir='ltr'><strong>Non</strong></span> <span class='ocrx_word' id='word_1_212' title='bbox 270 1775 327 1806; x_wconf 89' lang='lat' dir='ltr'><strong>est</strong></span> <span class='ocrx_word' id='word_1_213' title='bbox 366 1768 430 1815; x_wconf 85' lang='lat' dir='ltr'><strong>ita,</strong></span> <span class='ocrx_word' id='word_1_214' title='bbox 466 1768 664 1817; x_wconf 65' lang='lat' dir='ltr'><strong>Quirites,</strong></span> <span class='ocrx_word' id='word_1_215' title='bbox 706 1782 836 1819; x_wconf 89' lang='lat' dir='ltr'><strong>neque</strong></span> <span class='ocrx_word' id='word_1_216' title='bbox 875 1769 1082 1820; x_wconf 88' lang='lat' dir='ltr'><strong>quisquam</strong></span> <span class='ocrx_word' id='word_1_217' title='bbox 1123 1777 1300 1808; x_wconf 85' lang='lat' dir='ltr'><strong>nostrum</strong></span> <span class='ocrx_word' id='word_1_218' title='bbox 1339 1770 1378 1808; x_wconf 88' lang='lat' dir='ltr'><strong>in</strong></span> <span class='ocrx_word' id='word_1_219' title='bbox 1417 1770 1470 1809; x_wconf 90' lang='lat' dir='ltr'><strong>rei</strong></span> 
     </span>
     <span class='ocr_line' id='line_1_27' title="bbox 141 1832 1470 1885; baseline 0.002 -15"><span class='ocrx_word' id='word_1_220' title='bbox 141 1832 323 1882; x_wconf 89' lang='lat' dir='ltr'><strong>publicae</strong></span> <span class='ocrx_word' id='word_1_221' title='bbox 353 1832 535 1882; x_wconf 91' lang='lat' dir='ltr'><strong>periculis</strong></span> <span class='ocrx_word' id='word_1_222' title='bbox 565 1847 656 1872; x_wconf 90' lang='lat' dir='ltr'><strong>cum</strong></span> <span class='ocrx_word' id='word_1_223' title='bbox 686 1835 804 1872; x_wconf 90' lang='lat' dir='ltr'><strong>laude</strong></span> <span class='ocrx_word' id='word_1_224' title='bbox 830 1848 876 1872; x_wconf 89' lang='lat' dir='ltr'><strong>ac</strong></span> <span class='ocrx_word' id='word_1_225' title='bbox 905 1834 1046 1873; x_wconf 88' lang='lat' dir='ltr'><strong>virtute</strong></span> <span class='ocrx_word' id='word_1_226' title='bbox 1077 1843 1250 1872; x_wconf 86' lang='lat' dir='ltr'><strong>versatur</strong></span> <span class='ocrx_word' id='word_1_227' title='bbox 1278 1834 1371 1885; x_wconf 92' lang='lat' dir='ltr'><strong>quin</strong></span> <span class='ocrx_word' id='word_1_228' title='bbox 1401 1849 1470 1885; x_wconf 87' lang='lat' dir='ltr'><strong>spe</strong></span> 
     </span>
     <span class='ocr_line' id='line_1_28' title="bbox 141 1897 1470 1949; baseline 0.002 -14"><span class='ocrx_word' id='word_1_229' title='bbox 141 1897 375 1948; x_wconf 83' lang='lat' dir='ltr'><strong>posteritatis</strong></span> <span class='ocrx_word' id='word_1_230' title='bbox 401 1899 608 1948; x_wconf 87' lang='lat' dir='ltr'><strong>fructuque</strong></span> <span class='ocrx_word' id='word_1_231' title='bbox 635 1900 810 1937; x_wconf 88' lang='lat' dir='ltr'><strong>ducatur.</strong></span> <span class='ocrx_word' id='word_1_232' title='bbox 872 1900 1012 1949; x_wconf 87' lang='lat' dir='ltr'><strong>Itaque</strong></span> <span class='ocrx_word' id='word_1_233' title='bbox 1033 1913 1123 1937; x_wconf 91' lang='lat' dir='ltr'><strong>cum</strong></span> <span class='ocrx_word' id='word_1_234' title='bbox 1153 1899 1284 1937; x_wconf 89' lang='lat' dir='ltr'><strong>multis</strong></span> <span class='ocrx_word' id='word_1_235' title='bbox 1309 1900 1392 1937; x_wconf 87' lang='lat' dir='ltr'><strong>aliis</strong></span> <span class='ocrx_word' id='word_1_236' title='bbox 1419 1901 1470 1938; x_wconf 87' lang='lat' dir='ltr'><strong>de</strong></span> 
     </span>
     <span class='ocr_line' id='line_1_29' title="bbox 139 1963 1470 2014; baseline 0.002 -13"><span class='ocrx_word' id='word_1_237' title='bbox 139 1963 266 2001; x_wconf 91' lang='lat' dir='ltr'><strong>causis</strong></span> <span class='ocrx_word' id='word_1_238' title='bbox 287 1963 456 2001; x_wconf 82' lang='lat' dir='ltr'><strong>virorum</strong></span> <span class='ocrx_word' id='word_1_239' title='bbox 477 1964 673 2002; x_wconf 90' lang='lat' dir='ltr'><strong>bonorum</strong></span> <span class='ocrx_word' id='word_1_240' title='bbox 691 1972 842 2003; x_wconf 88' lang='lat' dir='ltr'><strong>mentes</strong></span> <span class='ocrx_word' id='word_1_241' title='bbox 863 1964 1018 2003; x_wconf 88' lang='lat' dir='ltr'><strong>divinae</strong></span> <span class='ocrx_word' id='word_1_242' title='bbox 1040 1965 1135 2002; x_wconf 83' lang='lat' dir='ltr'><strong>mibi</strong></span> <span class='ocrx_word' id='word_1_243' title='bbox 1151 1972 1269 2014; x_wconf 89' lang='lat' dir='ltr'><strong>atque</strong></span> <span class='ocrx_word' id='word_1_244' title='bbox 1289 1972 1470 2004; x_wconf 82' lang='lat' dir='ltr'><strong>aeternae</strong></span> 
     </span>
     <span class='ocr_line' id='line_1_30' title="bbox 140 2027 1469 2079; baseline 0.001 -14"><span class='ocrx_word' id='word_1_245' title='bbox 140 2027 321 2066; x_wconf 89' lang='lat' dir='ltr'><strong>videntur</strong></span> <span class='ocrx_word' id='word_1_246' title='bbox 351 2041 446 2076; x_wconf 88' lang='lat' dir='ltr'><strong>esse,</strong></span> <span class='ocrx_word' id='word_1_247' title='bbox 482 2036 566 2066; x_wconf 88' lang='lat' dir='ltr'><strong>tum</strong></span> <span class='ocrx_word' id='word_1_248' title='bbox 601 2028 770 2067; x_wconf 81' lang='lat' dir='ltr'><strong>maxime</strong></span> <span class='ocrx_word' id='word_1_249' title='bbox 801 2030 910 2079; x_wconf 90' lang='lat' dir='ltr'><strong>quod</strong></span> <span class='ocrx_word' id='word_1_250' title='bbox 943 2028 1083 2079; x_wconf 85' lang='lat' dir='ltr'><strong>optimi</strong></span> <span class='ocrx_word' id='word_1_251' title='bbox 1116 2036 1155 2067; x_wconf 90' lang='lat' dir='ltr'><strong>et</strong></span> <span class='ocrx_word' id='word_1_252' title='bbox 1193 2028 1469 2079; x_wconf 86' lang='lat' dir='ltr'><strong>sapientissimi</strong></span> 
     </span>
     <span class='ocr_line' id='line_1_31' title="bbox 81 2092 1468 2143; baseline 0 -13"><span class='ocrx_word' id='word_1_253' title='bbox 81 2104 122 2134; x_wconf 81' lang='lat'><strong>30</strong></span> <span class='ocrx_word' id='word_1_254' title='bbox 141 2092 330 2142; x_wconf 88' lang='lat' dir='ltr'><strong>cuiusque</strong></span> <span class='ocrx_word' id='word_1_255' title='bbox 362 2092 517 2130; x_wconf 89' lang='lat' dir='ltr'><strong>animus</strong></span> <span class='ocrx_word' id='word_1_256' title='bbox 548 2092 601 2131; x_wconf 91' lang='lat' dir='ltr'><strong>ita</strong></span> <span class='ocrx_word' id='word_1_257' title='bbox 635 2093 846 2143; x_wconf 86' lang='lat' dir='ltr'><strong>praesentit</strong></span> <span class='ocrx_word' id='word_1_258' title='bbox 878 2093 918 2130; x_wconf 89' lang='lat' dir='ltr'><strong>in</strong></span> <span class='ocrx_word' id='word_1_259' title='bbox 950 2100 1150 2143; x_wconf 88' lang='lat' dir='ltr'><strong>posterum</strong></span> <span class='ocrx_word' id='word_1_260' title='bbox 1190 2100 1233 2131; x_wconf 90' lang='lat' dir='ltr'><strong>ut</strong></span> <span class='ocrx_word' id='word_1_261' title='bbox 1265 2092 1361 2130; x_wconf 87' lang='lat' dir='ltr'><strong>nihil</strong></span> <span class='ocrx_word' id='word_1_262' title='bbox 1395 2092 1468 2130; x_wconf 89' lang='lat' dir='ltr'><strong>nisi</strong></span> 
     </span>
    </p>
   </div>
   <div class='ocr_carea' id='block_1_3' title="bbox 140 2195 1472 2324">
    <p class='ocr_par' dir='ltr' id='par_1_3' title="bbox 140 2195 1472 2324">
     <span class='ocr_line' id='line_1_32' title="bbox 183 2195 1472 2236; baseline -0.002 -10"><span class='ocrx_word' id='word_1_263' title='bbox 183 2206 204 2234; x_wconf 91' lang='lat'>9</span> <span class='ocrx_word' id='word_1_264' title='bbox 228 2195 281 2235; x_wconf 84' lang='lat' dir='ltr'><strong>iit]</strong></span> <span class='ocrx_word' id='word_1_265' title='bbox 303 2196 345 2226; x_wconf 87' lang='lat' dir='ltr'><strong>ul&#39;</strong></span> <span class='ocrx_word' id='word_1_266' title='bbox 366 2195 404 2225; x_wconf 74' lang='grc' dir='ltr'><strong>ΩῙ</strong></span> <span class='ocrx_word' id='word_1_267' title='bbox 423 2208 430 2227; x_wconf 89' lang='lat'>:</span> <span class='ocrx_word' id='word_1_268' title='bbox 455 2201 490 2226; x_wconf 84' lang='lat' dir='ltr'><strong>ut</strong></span> <span class='ocrx_word' id='word_1_269' title='bbox 507 2196 587 2226; x_wconf 65' lang='grc' dir='ltr'><strong>ὸοῑδι</strong></span> <span class='ocrx_word' id='word_1_270' title='bbox 606 2208 612 2227; x_wconf 75' lang='lat' dir='ltr'><strong><em>z</em></strong></span> <span class='ocrx_word' id='word_1_271' title='bbox 638 2197 698 2227; x_wconf 85' lang='lat' dir='ltr'><strong>iuit</strong></span> <span class='ocrx_word' id='word_1_272' title='bbox 712 2202 753 2236; x_wconf 79' lang='lat' dir='ltr'><strong>pc</strong></span> <span class='ocrx_word' id='word_1_273' title='bbox 916 2206 953 2236; x_wconf 85' lang='lat'><strong>15</strong></span> <span class='ocrx_word' id='word_1_274' title='bbox 978 2207 1014 2227; x_wconf 82' lang='lat' dir='ltr'><strong>es</strong></span> <span class='ocrx_word' id='word_1_275' title='bbox 1031 2195 1095 2227; x_wconf 86' lang='lat' dir='ltr'><strong>cod.</strong></span> <span class='ocrx_word' id='word_1_276' title='bbox 1122 2195 1297 2227; x_wconf 80' lang='lat' dir='ltr'><strong>Torrenlt&#39;i:</strong></span> <span class='ocrx_word' id='word_1_277' title='bbox 1324 2205 1387 2227; x_wconf 73' lang='lat' dir='ltr'><strong>om,</strong></span> <span class='ocrx_word' id='word_1_278' title='bbox 1407 2195 1472 2224; x_wconf 83' lang='lat' dir='ltr'><strong>mei</strong></span> 
     </span>
     <span class='ocr_line' id='line_1_33' title="bbox 143 2237 1468 2281; baseline -0.001 -12"><span class='ocrx_word' id='word_1_279' title='bbox 143 2237 294 2278; x_wconf 79' lang='lat' dir='ltr'><strong>ignarus]</strong></span> <span class='ocrx_word' id='word_1_280' title='bbox 315 2240 452 2278; x_wconf 84' lang='lat' dir='ltr'><strong>ignarus</strong></span> <span class='ocrx_word' id='word_1_281' title='bbox 470 2250 505 2269; x_wconf 88' lang='lat' dir='ltr'><strong>es</strong></span> <span class='ocrx_word' id='word_1_282' title='bbox 523 2241 552 2271; x_wconf 68' lang='grc' dir='ltr'><strong>ς’</strong></span> <span class='ocrx_word' id='word_1_283' title='bbox 687 2241 725 2269; x_wconf 87' lang='lat'><strong>16</strong></span> <span class='ocrx_word' id='word_1_284' title='bbox 748 2240 898 2281; x_wconf 76' lang='lat' dir='ltr'><strong>nostrae]</strong></span> <span class='ocrx_word' id='word_1_285' title='bbox 919 2245 1056 2271; x_wconf 83' lang='lat' dir='ltr'><strong>nostrae</strong></span> <span class='ocrx_word' id='word_1_286' title='bbox 1075 2239 1218 2270; x_wconf 81' lang='lat' dir='ltr'><strong>civitatis</strong></span> <span class='ocrx_word' id='word_1_287' title='bbox 1234 2239 1283 2270; x_wconf 66' lang='lat'><strong>05*</strong></span> <span class='ocrx_word' id='word_1_288' title='bbox 1430 2239 1468 2268; x_wconf 90' lang='lat'><strong>18</strong></span> 
     </span>
     <span class='ocr_line' id='line_1_34' title="bbox 140 2281 1468 2324; baseline 0 -12"><span class='ocrx_word' id='word_1_289' title='bbox 140 2281 315 2322; x_wconf 78' lang='lat' dir='ltr'><strong>quoniam]</strong></span> <span class='ocrx_word' id='word_1_290' title='bbox 334 2283 390 2321; x_wconf 87' lang='lat' dir='ltr'><strong>qui</strong></span> <span class='ocrx_word' id='word_1_291' title='bbox 408 2283 470 2314; x_wconf 87' lang='lat' dir='ltr'><strong>iam</strong></span> <span class='ocrx_word' id='word_1_292' title='bbox 486 2283 622 2314; x_wconf 77' lang='lat' dir='ltr'><strong>Ernesti</strong></span> <span class='ocrx_word' id='word_1_293' title='bbox 739 2293 780 2322; x_wconf 83' lang='lat'><strong>25</strong></span> <span class='ocrx_word' id='word_1_294' title='bbox 803 2284 980 2324; x_wconf 83' lang='lat' dir='ltr'><strong>quisquam</strong></span> <span class='ocrx_word' id='word_1_295' title='bbox 997 2283 1026 2314; x_wconf 59' lang='grc' dir='ltr'><strong>θ’</strong></span> <span class='ocrx_word' id='word_1_296' title='bbox 1043 2294 1049 2313; x_wconf 90' lang='lat'>:</span> <span class='ocrx_word' id='word_1_297' title='bbox 1078 2283 1220 2322; x_wconf 85' lang='lat' dir='ltr'><strong>quisque</strong></span> <span class='ocrx_word' id='word_1_298' title='bbox 1237 2285 1302 2313; x_wconf 80' lang='lat' dir='ltr'><strong>cell.</strong></span> <span class='ocrx_word' id='word_1_299' title='bbox 1427 2292 1468 2320; x_wconf 89' lang='lat'><strong>29</strong></span> 
     </span>
    </p>
   </div>
   <div class='ocr_carea' id='block_1_4' title="bbox 103 2325 1427 2421">
    <p class='ocr_par' dir='ltr' id='par_1_4' title="bbox 103 2325 1427 2421">
     <span class='ocr_line' id='line_1_35' title="bbox 103 2325 746 2366; baseline 0.003 -10"><span class='ocrx_word' id='word_1_300' title='bbox 103 2344 107 2347; x_wconf 92' lang='lat'><em>-</em></span> <span class='ocrx_word' id='word_1_301' title='bbox 141 2325 245 2366; x_wconf 90' lang='lat' dir='ltr'><strong>quod]</strong></span> <span class='ocrx_word' id='word_1_302' title='bbox 262 2326 340 2365; x_wconf 87' lang='lat' dir='ltr'><strong>quia</strong></span> <span class='ocrx_word' id='word_1_303' title='bbox 356 2325 396 2356; x_wconf 79' lang='grc' dir='ltr'><strong>Ω1</strong></span> <span class='ocrx_word' id='word_1_304' title='bbox 485 2327 610 2366; x_wconf 88' lang='lat' dir='ltr'><strong>optumi</strong></span> <span class='ocrx_word' id='word_1_305' title='bbox 630 2325 746 2358; x_wconf 78' lang='lat' dir='ltr'><strong>ss²mos</strong></span> 
     </span>
     <span class='ocr_line' id='line_1_36' title="bbox 189 2392 1427 2421; baseline 0.006 -8"><span class='ocrx_word' id='word_1_306' title='bbox 189 2392 251 2413; x_wconf 73' lang='grc' dir='ltr'><strong>εις.</strong></span> <span class='ocrx_word' id='word_1_307' title='bbox 273 2393 342 2415; x_wconf 72' lang='lat' dir='ltr'><strong>pno</strong></span> <span class='ocrx_word' id='word_1_308' title='bbox 360 2393 440 2415; x_wconf 62' lang='grc' dir='ltr'><strong>ΗΑΒ.</strong></span> <span class='ocrx_word' id='word_1_309' title='bbox 1389 2392 1427 2421; x_wconf 86' lang='grc'><strong>13</strong></span> 
     </span>
    </p>
   </div>
   <div class='ocr_carea' id='block_1_5' title="bbox 1495 669 1532 699">
    <p class='ocr_par' dir='ltr' id='par_1_5' title="bbox 1495 669 1532 699">
     <span class='ocr_line' id='line_1_37' title="bbox 1495 669 1532 699; baseline 0 0"><span class='ocrx_word' id='word_1_310' title='bbox 1495 669 1532 699; x_wconf 86' lang='lat'><strong>28</strong></span> 
     </span>
    </p>
   </div>
   <div class='ocr_carea' id='block_1_6' title="bbox 1492 1327 1532 1358">
    <p class='ocr_par' dir='ltr' id='par_1_6' title="bbox 1492 1327 1532 1358">
     <span class='ocr_line' id='line_1_38' title="bbox 1492 1327 1532 1358; baseline 0 0"><span class='ocrx_word' id='word_1_311' title='bbox 1492 1327 1532 1358; x_wconf 86' lang='lat'><strong>29</strong></span> 
     </span>
    </p>
   </div>
  </div>
 </body>
</html>
