1716 2662
87 457 104 489 5

65 782 102 804 10

61 1435 101 1459 20

393 74 502 111 PRo
534 75 575 110 P.
608 72 888 121 QviNcTio
920 73 1136 112 ORATIO
1408 85 1451 113 21
1471 81 1511 123 67

124 184 390 223 calumniante
417 184 634 231 biennium,
658 197 783 234 usque
811 185 905 222 dum
934 183 1173 222 inveniretur
1198 198 1275 233 qua
1302 186 1451 223 ratione

125 262 184 287 res
214 249 263 287 ab
294 248 436 288 usitata
464 248 751 288 consuetudine
787 250 985 287 recederet
1015 256 1053 287 et
1082 248 1122 286 in
1152 250 1228 287 hoc
1258 249 1451 299 singulare

124 312 313 352 iudicium
334 327 451 352 causa
472 313 599 352 omnis
621 314 934 352 concluderetur.

178 379 299 427 Quod
313 378 495 424 officium,
513 380 557 417 C.
574 378 718 428 Aquili,
734 378 1033 417 commemorari
1050 379 1309 429 procuratoris
1321 388 1450 431 potest
1470 388 1510 419 68

123 444 231 493 quod
266 444 316 481 ab
344 444 489 482 Alfeno
521 443 772 493 praeteritum
808 457 894 482 esse
921 445 1127 483 videatur?
1156 446 1251 495 quid
1278 447 1451 485 adfertur

122 523 200 559 qua
216 523 255 547 re
277 511 317 547 P.
337 508 549 558 Quinctius
569 517 730 559 negetur
750 510 893 548 absens
915 523 999 548 esse
1016 511 1231 549 defensus?
1277 513 1341 549 An
1358 525 1450 549 vero

121 572 162 612 id
191 574 300 623 quod
331 575 602 621 Hortensium,
635 574 728 623 quia
763 587 887 624 nuper
916 575 1049 612 iniecit
1083 582 1120 612 et
1155 576 1247 625 quia
1277 575 1450 614 Naevius

121 651 275 688 semper
308 638 348 677 id
380 639 562 684 clamitat,
596 638 793 677 dicturum
823 638 999 687 arbitror,
1029 652 1111 677 non
1144 639 1262 678 fuisse
1298 639 1449 679 Naevio

121 715 253 752 parem
289 703 544 742 certationem
581 717 672 742 cum
712 705 857 743 Alfeno
892 703 959 742 illo
993 711 1181 754 tempore,
1224 704 1297 742 illis
1327 706 1449 744 domi-

121 767 336 806 nantibus?
393 769 513 817 Quod
531 768 562 806 si
579 767 695 807 velim
713 768 901 815 confiteri,
919 770 1026 816 illud,
1046 769 1195 819 opinor,
1215 771 1446 816 concedent,

120 846 201 872 non
221 841 513 884 procuratorem
532 836 572 871 P.
593 833 755 883 Quincti
777 833 977 873 neminem
998 833 1127 882 fuisse,
1146 836 1215 873 sed
1236 836 1448 885 gratiosum

120 897 248 938 fuisse.
310 899 413 938 Mihi
435 907 567 938 autem
596 900 646 938 ad
668 900 908 938 vincendum
935 899 1026 937 satis
1050 907 1108 938 est
1132 901 1251 938 fuisse
1271 914 1448 950 procura-

121 971 242 1002 torem
265 963 425 1014 quicum
441 966 696 1015 experiretur,
719 964 844 1015 qualis
862 965 893 1003 is
915 964 1040 1012 fuerit,
1058 964 1089 1003 si
1106 966 1228 1004 modo
1243 966 1447 1005 absentem

119 1028 359 1068 defendebat
381 1043 448 1080 per
469 1031 527 1068 ius
549 1037 586 1068 et
608 1043 676 1080 per
697 1029 976 1080 magistratum,
995 1029 1091 1068 nihil
1112 1031 1163 1069 acl
1185 1044 1265 1069 rem
1285 1031 1450 1069 arbitror

121 1095 323 1144 pertinere.

178 1160 316 1206 ‘Erat,’
338 1159 475 1210 inquit,
501 1160 674 1198 ‘illarum
703 1160 895 1210 partium.¹
954 1162 1063 1210 Quid
1084 1160 1153 1200 ni?
1187 1162 1253 1211 qui
1277 1161 1384 1212 apud
1412 1168 1448 1200 te

119 1232 222 1263 esset
252 1225 439 1274 eductus,
481 1239 599 1275 quem
631 1233 670 1262 tu
701 1239 723 1262 a
752 1238 874 1274 puero
903 1224 958 1264 sic
991 1226 1223 1265 instituisses
1253 1233 1295 1265 ut
1324 1225 1448 1265 nobili

120 1304 170 1329 ne
195 1291 397 1340 gladiatori
427 1290 588 1340 quidem
618 1292 773 1329 faveret.
835 1290 884 1337 Si,
908 1292 1017 1341 quod
1043 1298 1084 1330 tu
1112 1305 1267 1340 semper
1295 1304 1448 1329 summe

120 1355 272 1406 cupisti,
292 1355 397 1394 idem
415 1356 572 1395 volebat
588 1357 766 1404 Alfenus,
786 1371 831 1395 ea
847 1371 887 1396 re
904 1356 974 1396 tibi
991 1370 1080 1396 cum
1098 1371 1146 1396 eo
1162 1371 1231 1407 par
1246 1357 1448 1396 contentio

121 1434 201 1459 non
229 1423 338 1460 erat?
399 1422 554 1468 ‘Bruti‚'
577 1423 714 1472 inquit,
741 1425 843 1460 ‘erut
868 1423 1089 1471 familiaris,
1120 1422 1252 1473 itaque
1278 1422 1309 1461 is
1334 1422 1449 1461 inter-

120 1486 310 1525 cedebat?
369 1489 430 1525 Tu
470 1494 606 1526 contra
648 1487 825 1526 Burrieni
871 1487 938 1538 qui
978 1487 1155 1526 iniuriam
1197 1487 1445 1534 decernebat,

119 1553 297 1591 omnium
327 1553 500 1603 denique
531 1554 685 1592 illorum
716 1552 783 1603 qui
813 1560 897 1592 tum
928 1560 966 1592 et
998 1560 1178 1602 poterant
1204 1566 1272 1603 per
1300 1553 1378 1590 vim
1409 1560 1447 1591 et

119 1619 244 1657 scelus
267 1619 477 1667 plurimum
499 1626 547 1665 et,
567 1619 676 1668 quod
697 1625 888 1668 poterant,
908 1618 946 1656 id
968 1618 1178 1657 audebant.
1233 1620 1297 1655 An
1318 1618 1447 1656 omnis

122 1690 162 1720 tu
196 1683 290 1722 istos
313 1684 467 1722 vincere
489 1683 649 1722 volebas
675 1682 742 1734 qui
771 1697 877 1722 nunc
908 1690 948 1721 tu
977 1691 1018 1721 ut
1044 1682 1176 1722 vincas
1200 1690 1309 1721 tanto
1329 1696 1447 1732 opere

120 1747 327 1786 laborant?
384 1749 500 1787 Aude
526 1748 567 1787 id
595 1748 725 1787 dicere
754 1762 836 1787 non
867 1750 1006 1799 palam,
1038 1749 1107 1788 sed
1137 1748 1229 1798 ipsis
1255 1762 1354 1798 quos
1381 1749 1446 1787 ud-

118 1814 275 1852 vocasti.
337 1814 512 1853 Tametsi
539 1815 630 1853 nolo
657 1827 743 1853 eam
772 1827 854 1853 rem
882 1815 1234 1854 commemorando
1260 1827 1444 1852 renovare

161 1928 179 1947 ς.»
204 1918 372 1949 recideret
391 1917 445 1948 Σὺῐ
567 1923 599 1949 ct
620 1917 668 1958 in]
690 1919 720 1948 in
738 1918 771 1949 P
857 1930 874 1956 4
901 1919 937 1949 C.
960 1918 1010 1948 P:
1037 1930 1102 1949 om.
1122 1922 1186 1949 cell.
1277 1916 1402 1957 Aquini
1423 1921 1445 1947 Σ

117 1970 136 1999 5
160 1962 300 1992 offertur
318 1966 341 1992 Σ
473 1964 493 1992 6
519 1967 660 2001 negetur
677 1962 800 1992 absens
819 1973 893 1993 esse
911 1962 961 1992 P:
986 1963 1110 1993 absens
1128 1966 1269 2000 negatur
1285 1972 1360 1992 esse
1377 1965 1441 1992 (cll.

123 2015 159 2035 10
183 2006 371 2036 concedent
388 2004 456 2035 Ple:
483 2006 671 2036 concedant
706 2006 840 2036 -derent
858 2005 904 2039 1)Ῑῖ
925 2009 990 2036 cell.
1099 2016 1135 2044 13
1161 2005 1378 2043 experiretur
1394 2004 1445 2034 P:

117 2049 265 2088 experiri
284 2053 399 2087 posset
415 2052 480 2079 cell.
600 2059 636 2086 14
663 2053 696 2078 et
714 2049 790 2089 per]
810 2054 843 2079 ct
861 2049 950 2080 Elb‘?
1064 2051 1102 2079 16
1126 2048 1213 2089 crat]
1234 2053 1305 2079 erat
1322 2049 1410 2078 enim
1427 2048 1445 2077 b

122 2101 156 2131 17
183 2092 321 2122 eductus
338 2092 390 2122 P:
417 2092 576 2123 educatus
594 2095 657 2122 cell.
764 2093 801 2122 18
826 2092 953 2122 faveret
970 2092 1019 2122 P:
1044 2097 1138 2122 vcret
1157 2096 1204 2131 Σχ
1221 2103 1227 2122 z
1251 2096 1386 2122 veretur
1403 2092 1421 2120 l)
1438 2102 1445 2121 ε

117 2135 254 2166 cederet
270 2135 300 2167 5-
406 2136 430 2166 εἰ
449 2135 538 2174 quod
556 2135 589 2166 P
604 2147 610 2165 :
634 2136 718 2166 sicut
735 2139 800 2167 cell.
908 2145 1035 2166 summe
1051 2146 1116 2166 om.
1138 2135 1193 2165 ΣΙ)1
1331 2145 1368 2173 19
1393 2145 1445 2164 cu-

117 2178 195 2217 pisti
212 2178 264 2208 P:
289 2179 475 2218 concupisti
494 2182 559 2210 cell.
710 2190 751 2209 20
776 2189 841 2211 non
859 2178 928 2210 Pk:
954 2189 1018 2210 0111.
1041 2182 1104 2209 cell.
1263 2189 1297 2208 ει
1327 2182 1444 2208 contra

118 2222 256 2252 Brutum
276 2222 305 2253 (ἶ
461 2234 499 2260 :24
548 2222 685 2253 volebas
704 2222 777 2260 Po<
794 2233 800 2252 t
827 2222 964 2252 nolebas
983 2227 1005 2252 Σ
1023 2234 1029 2252 :
1055 2221 1202 2253 malebas
1220 2222 1249 2252 ς’
1405 2231 1444 2260 25

117 2264 267 2297 laborant
284 2266 367 2296 audc
386 2266 526 2304 Pb‘xff:
552 2266 682 2297 laboras
701 2270 733 2296 tu
753 2267 792 2296 dc
812 2266 866 2297 Σὺῑ
957 2266 1040 2305 ipsis
1057 2265 1108 2296 P:
1133 2265 1186 2296 liis
1205 2265 1287 2305 (hiis
1306 2266 1344 2305 Σ)
1364 2264 1445 2305 ipsis

116 2312 179 2340 cell.
272 2309 463 2341 advocastis
482 2314 505 2341 Σ
595 2311 637 2340 26
661 2315 772 2340 tamen
792 2308 855 2340 etsi
874 2313 923 2350 Σχ

1469 1170 1509 1211 69
