1716 2662
430 81 540 120 PRO
570 80 616 120 A.
650 82 901 121 CAECINA
930 83 1147 122 ORATIO
1400 93 1449 122 22
1470 92 1512 130 63

122 190 322 240 iudicium,
347 194 416 232 sed
442 207 487 232 ea
507 207 566 232 res
589 195 699 232 cuius
726 207 844 232 causa
865 194 981 233 verba
1009 196 1106 234 haec
1132 195 1172 233 in
1198 195 1447 234 interdictum

121 258 299 296 coniecta
334 267 434 297 sunt.
493 258 585 297 Vim
620 272 722 309 quae
755 261 806 298 ad
845 268 963 310 caput
1001 274 1046 298 ac
1081 260 1200 298 vitam
1240 263 1449 312 pertineret

120 323 267 361 restitui
298 323 382 362 sine
411 326 490 362 ulla
519 324 750 374 exceptione
777 326 996 364 voluerunt.
1057 327 1115 363 Ea
1145 327 1186 363 sit
1217 328 1450 377 plerumque

120 402 188 439 per
215 389 395 427 homines
425 398 583 428 coactos
610 398 888 441 armatosque;
931 391 961 429 si
991 392 1068 429 alio
1098 391 1274 437 consilio,
1306 393 1448 430 eodem

82 467 100 498 5
119 454 292 505 periculo
322 455 423 493 sacta
452 455 512 503 sit,
540 457 682 494 eodem
714 456 796 494 iure
825 469 911 494 esse
941 457 1158 494 voluerunt.
1222 458 1313 494 Non
1343 458 1447 495 enim

118 519 242 557 maior
262 527 319 558 est
340 519 480 559 iniuria
505 520 536 558 si
565 528 631 560 tua
658 520 804 560 familia
824 534 942 571 quam
971 521 1001 559 si
1030 528 1119 559 tuus
1141 521 1287 568 vilicus,
1312 535 1391 560 non
1417 522 1448 560 si

117 584 173 622 tui
194 586 291 623 servi
313 598 431 635 quam
453 585 484 623 si
505 585 621 624 alieni
640 599 687 624 ac
708 586 976 633 mercennarii,
999 599 1081 624 non
1102 587 1133 624 si
1159 594 1248 625 tuus
1269 600 1449 637 procura-

117 657 178 688 tor
198 663 316 700 quam
338 650 369 688 si
389 651 540 689 vicinus
560 659 628 689 aut
648 651 809 690 libertus
827 659 927 699 tuus,
951 665 1032 690 non
1064 650 1095 689 si
1116 651 1261 690 coactis
1282 652 1447 691 homini-

119 715 192 753 bus
222 729 340 765 quam
372 715 403 753 si
423 716 650 755 voluntariis
679 725 746 755 aut
775 717 891 755 etiam
923 716 1099 755 adsiduis
1129 730 1175 755 ac
1205 718 1446 767 domesticis,

61 795 101 817 10
118 794 198 818 non
244 782 275 819 si
313 782 470 819 armatis
509 795 629 832 quam
669 782 700 820 si
739 783 953 820 inermibus
988 784 1054 832 qui
1090 784 1168 820 vim
1207 792 1445 822 armatorum

54 1448 94 1470 20

115 845 305 885 haberent
346 848 396 885 ad
442 848 680 894 nocendum,
722 861 803 885 non
850 847 879 885 si
921 847 1096 897 pluribus
1136 861 1254 897 quam
1294 848 1326 887 si
1365 862 1445 888 uno

114 919 274 950 armato.
335 912 491 961 Quibus
519 914 623 951 enirn
652 912 768 951 rebus
797 915 1030 963 plerumque
1057 914 1114 951 vis
1142 914 1184 951 fit
1211 915 1294 951 eius
1322 914 1442 962 modi,

115 989 183 1015 eae
213 990 272 1015 res
301 978 546 1027 appellantur
576 977 614 1015 in
646 979 865 1017 interdicto.
926 977 964 1016 Si
994 991 1062 1028 per
1090 979 1184 1016 alias
1214 992 1273 1017 res
1303 980 1443 1017 eadem

114 1043 216 1079 sacta
245 1042 300 1080 vis
331 1050 398 1090 est,
427 1056 472 1081 ea
501 1042 655 1081 tametsi
686 1044 813 1082 verbis
844 1043 1039 1082 interdicti
1071 1056 1152 1082 non
1182 1044 1440 1092 concluditur,

114 1106 308 1145 sententia
328 1115 460 1146 tamen
481 1107 572 1146 iuris
593 1116 711 1158 atque
731 1108 962 1147 auctoritate
983 1108 1180 1147 retinetur.

167 1172 296 1211 Venio
328 1187 433 1212 nunc
458 1175 509 1212 ad
534 1173 628 1212 illud
658 1182 794 1213 tuum:
832 1177 933 1213 ‘non
956 1174 1106 1223 deieci3
1137 1189 1216 1213 non
1246 1176 1349 1214 enim
1372 1177 1441 1215 sivi
1463 1163 1511 1200 ²3

112 1240 325 1277 accedere.'
383 1242 484 1278 Puto
512 1248 550 1279 te
580 1239 720 1291 ipsum,
747 1240 850 1288 Piso,
871 1240 1091 1291 perspicere
1119 1250 1268 1292 quanto
1296 1242 1368 1282 ista
1395 1244 1443 1282 sit

112 1304 312 1354 angustior
341 1304 591 1355 iniquiorque
619 1307 797 1344 defensio
825 1320 943 1356 quam
977 1306 1007 1344 si
1036 1307 1099 1345 illa
1129 1316 1302 1346 uterere:
1341 1312 1441 1347 ‘non

113 1370 268 1408 fuerunt
305 1371 453 1417 armati,
488 1385 578 1410 cum
618 1371 785 1410 fustibus
820 1380 858 1410 et
897 1385 986 1410 cum
1027 1372 1126 1410 saxis
1165 1374 1345 1412 fuerunt.'
1402 1375 1440 1412 Si

113 1448 175 1473 me
196 1436 354 1474 hercule
383 1436 488 1482 mihi,
513 1449 594 1474 non
626 1436 789 1486 copioso
821 1436 972 1475 homini
1003 1438 1053 1475 ad
1084 1437 1312 1485 dicendum,
1333 1439 1442 1489 optio

112 1501 234 1548 detur,
259 1509 387 1539 utrum
416 1503 549 1540 malim
577 1504 790 1541 defendere
815 1516 895 1541 non
927 1516 1011 1541 esse
1038 1503 1234 1542 deiectum
1264 1517 1353 1542 eum
1380 1505 1442 1543 cui

113 1564 146 1603 vi
172 1573 210 1604 et
229 1565 345 1604 armis
371 1566 604 1616 ingredienti
633 1567 680 1606 sit
703 1581 921 1614 occursum,
946 1581 993 1606 an
1024 1575 1192 1606 armatos
1223 1582 1302 1607 non
1325 1569 1442 1608 fuisse

111 1642 178 1668 eos
209 1630 275 1681 qui
306 1631 389 1670 sine
424 1632 542 1671 scutis
579 1632 742 1683 sineque
771 1634 871 1671 ferro
903 1632 1053 1679 fuerint,
1085 1633 1249 1671 omnino
1277 1635 1327 1672 ad
1359 1648 1443 1685 pro-

112 1695 288 1734 bandum
303 1705 509 1748 utramque
526 1712 606 1736 rem
622 1698 776 1737 videam
793 1698 985 1736 infirmam
1005 1699 1329 1749 nugatoriamque
1344 1714 1439 1748 esse,

112 1762 162 1799 ad
193 1761 406 1800 dicendum
438 1771 569 1801 autem
603 1763 641 1801 in
667 1765 787 1802 altera
816 1763 949 1803 videar
977 1763 1072 1801 mihi
1098 1763 1246 1813 aliquid
1275 1765 1441 1815 reperire

110 1839 237 1876 posse,
272 1841 350 1867 non
385 1827 502 1867 fuisse
533 1837 702 1867 armatos
738 1843 804 1868 eos
840 1829 907 1879 qui
939 1842 1068 1879 neque
1103 1829 1187 1867 ferri
1227 1832 1438 1880 quicquam

110 1905 238 1942 neque
266 1901 418 1931 scutum
443 1895 564 1932 ullum
595 1895 829 1942 habuerint3
864 1894 928 1933 hic
958 1908 1049 1933 vero
1076 1896 1268 1943 haeream,
1292 1895 1320 1933 si
1343 1896 1438 1935 mihi

157 2007 170 2027 1
198 1997 231 2027 in
251 2008 315 2028 om.
342 1997 416 2028 TE¹
434 2009 440 2028 :
466 1998 505 2028 ad
524 1997 556 2027 P
680 2009 698 2028 2
723 2008 761 2029 ac
778 1998 891 2031 PTE:
918 2004 950 2031 et
967 2001 1008 2031 ad
1026 2004 1092 2032 cett.
1186 1999 1372 2040 pertineret
1388 2001 1439 2033 P:

110 2041 257 2080 pertinet
274 2045 339 2072 cett.
452 2052 468 2079 4
495 2041 539 2082 si]
560 2051 646 2081 quae
664 2043 691 2072 si
709 2042 755 2074 ed.
776 2043 912 2075 Ascens.
930 2044 981 2083 (43
1076 2054 1114 2075 10
1138 2049 1253 2076 armat.
1274 2045 1439 2075 haberent

109 2084 162 2114 P:
188 2085 352 2116 haberent
368 2090 485 2116 armat.
505 2089 569 2116 cett.
736 2096 770 2116 11
798 2097 865 2117 uno
881 2097 945 2118 om.
964 2087 998 2117 P
1159 2098 1197 2127 13
1222 2098 1281 2118 eae
1301 2087 1351 2120 P:
1377 2089 1438 2127 hee

116 2127 157 2157 Te
174 2140 181 2158 z
204 2128 267 2159 hac
287 2132 351 2159 cell.
421 2129 453 2158 in
472 2127 583 2159 PTE:
609 2139 673 2160 om.
693 2133 756 2161 cell.
867 2140 904 2169 15
930 2131 1100 2162 sententia
1117 2137 1229 2162 tamen
1247 2130 1299 2162 P:
1323 2137 1435 2162 tamen

109 2172 277 2202 Sententia
295 2175 358 2203 cett.
453 2172 649 2203 continetur
666 2171 856 2204 Lambinus
988 2177 1025 2205 16
1050 2185 1117 2206 non
1137 2175 1225 2206 enirn
1245 2175 1306 2206 sivi
1323 2174 1438 2206 PTE:

109 2215 136 2244 si
155 2215 244 2245 enim
262 2215 311 2245 sui
331 2215 423 2255 (sivi)
443 2220 509 2246 cett.
677 2225 715 2256 19
739 2227 810 2248 eum
832 2219 946 2258 (quom
965 2217 1008 2259 P)
1029 2243 1036 2251 .
1057 2242 1063 2250 .
1084 2243 1090 2251 .
1112 2224 1144 2249 et
1163 2229 1237 2249 cum
1257 2220 1370 2258 (quom
1391 2217 1435 2258 P)

109 2256 224 2288 PTE:
251 2268 324 2289 curn
343 2283 350 2290 .
373 2283 379 2289 .
399 2284 405 2290 .
427 2264 460 2289 et
478 2263 541 2289 cell.
694 2270 731 2290 21
759 2260 827 2302 cui]
848 2262 903 2301 qui
923 2260 956 2291 P
1107 2273 1147 2302 23
1173 2263 1308 2302 sineque
1325 2262 1373 2294 P:
1399 2273 1436 2293 ac

109 2301 181 2332 sine
198 2305 263 2334 cett.
353 2302 556 2341 probandam
582 2304 608 2334 7
