1716 2662
75 822 114 844 10

72 1470 112 1492 20

460 110 519 147 IN
552 110 594 147 L.
628 109 877 148 PISONEM
909 109 1126 147 ORATIO
1406 118 1456 144 22

187 220 236 258 Et
256 213 452 270 ¹quoniam
486 221 726 259 fortunarum
758 220 1054 259 contentionem
1087 222 1212 259 facere
1241 220 1455 270 coepimus,

131 284 180 322 de
202 283 328 322 reditu
351 284 496 323 Gabini
527 285 765 331 omittamus,
790 299 918 334 quem,
944 284 1014 323 etsi
1037 284 1109 323 sibi
1140 285 1223 335 ipse
1254 285 1457 335 praecidit,

130 363 203 400 ego
225 357 356 389 tamen
378 364 421 388 os
443 359 484 388 ut
506 350 660 388 videam
683 349 852 388 hominis
878 357 1086 400 exspecto3
1117 357 1238 396 tuum,
1264 349 1294 387 si
1316 351 1454 400 placet,

131 414 299 453 reditum
330 429 419 453 cum
452 428 541 453 mco
571 416 828 453 conferamus.
903 417 962 452 Ac
992 428 1102 452 meus
1133 414 1294 464 quidem
1325 414 1356 453 is
1386 413 1458 452 fuit

131 487 172 517 ut
210 493 233 517 a
274 479 484 518 Brundisio
519 494 643 529 usque
685 481 855 517 Romam
889 493 1029 529 agmen
1066 486 1299 530 perpetuum
1339 479 1457 518 totius

132 544 268 583 Italiae
289 545 437 584 viderit.
499 547 640 595 Neque
662 545 764 584 enim
788 545 893 595 regio
914 547 991 583 ulla
1013 545 1083 583 fuit
1104 558 1177 583 nec
1199 544 1456 595 municipium

131 623 262 659 neque
290 612 533 660 praefectura
562 618 628 649 aut
659 610 814 649 colonia
839 624 885 648 ex
913 623 990 660 qua
1016 623 1094 648 non
1125 611 1176 648 ad
1207 623 1269 647 me
1300 609 1457 659 publice

130 674 307 713 venerint
344 677 589 726 gratulatum.
661 674 769 721 Quid
809 674 936 713 dicam
977 675 1169 713 adventus
1208 688 1328 721 meos,
1363 674 1459 724 quid

131 739 341 778 effusiones
381 740 587 778 hominum
618 754 664 778 ex
694 739 861 790 oppidis,
897 739 991 789 quid
1032 753 1245 778 concursus
1280 753 1326 777 ex
1359 738 1459 789 agris

131 813 285 854 patrum
316 805 481 844 familias
513 820 604 844 cum
639 805 872 855 coniugibus
901 818 947 843 ac
979 804 1119 851 liberis,
1153 804 1248 854 quid
1279 818 1345 843 eos
1376 804 1460 843 dies

131 869 197 920 qui
221 870 331 920 quasi
352 872 516 909 deorum
548 869 827 908 immortalium
861 869 945 908 festi
973 877 1091 919 atque
1117 871 1328 908 sollemnes
1352 870 1458 919 apud

130 934 258 973 omnis
288 944 379 974 sunt
407 937 581 974 adventu
618 949 707 974 meo
745 934 950 984 redituque
984 934 1200 973 celebrati?
1256 936 1368 972 Vnus
1398 934 1461 972 ille

129 1000 213 1038 dies
244 1000 340 1039 mihi
373 1000 536 1050 quidem
562 999 863 1039 immortalitatis
887 999 1006 1037 instar
1029 999 1100 1037 fuit
1121 1012 1200 1049 quo
1228 998 1266 1036 in
1297 998 1459 1049 patriam

130 1064 238 1112 redii,
266 1078 356 1103 cum
387 1072 567 1104 senatum
590 1078 788 1116 egressum
821 1063 900 1103 vidi
929 1065 1200 1116 populumque
1234 1066 1457 1102 Romanum

130 1130 366 1177 universum,
399 1143 489 1168 cum
522 1129 617 1167 mihi
648 1130 731 1180 ipsa
763 1131 893 1167 Roma
922 1143 1044 1180 prope
1080 1130 1266 1167 convolsa
1300 1128 1459 1167 sedibus

130 1195 208 1233 suis
238 1196 289 1233 ad
319 1196 666 1246 complectendum
689 1202 1001 1233 conservatorem
1034 1207 1148 1232 suum
1178 1193 1357 1244 progredi
1379 1193 1459 1232 visa

129 1268 198 1298 cst.
259 1260 372 1307 Quae
403 1274 466 1299 me
494 1260 547 1299 ita
572 1260 724 1310 accepit
745 1267 786 1298 ut
808 1273 887 1298 non
909 1260 1030 1298 modo
1051 1259 1228 1298 omnium
1258 1272 1456 1309 generum,

128 1334 313 1373 aetatum,
337 1325 520 1365 ordinum
542 1339 680 1364 omnes
702 1325 768 1363 viri
790 1339 836 1364 ac
859 1324 1038 1363 mulieres
1060 1324 1189 1363 omnis
1211 1325 1388 1363 fortunae
1412 1338 1458 1362 ac

130 1393 217 1438 loci,
255 1393 324 1430 sed
358 1391 476 1430 etiam
511 1391 669 1430 moenia
700 1390 784 1441 ipsa
817 1390 1040 1429 viderentur
1072 1397 1109 1428 et
1144 1397 1247 1428 tecta
1278 1389 1384 1428 urbis
1413 1403 1458 1428 ac

131 1459 278 1507 templa
298 1456 441 1495 laetari.
499 1459 567 1495 Me
590 1456 924 1506 consequentibus
946 1455 1087 1494 diebus
1108 1455 1146 1492 in
1168 1468 1213 1493 ea
1235 1456 1317 1505 ipsa
1337 1456 1459 1494 domo

130 1536 207 1572 qua
242 1530 282 1560 tu
318 1536 381 1561 me
415 1524 628 1572 expuleras,
666 1536 784 1572 quam
820 1521 1019 1571 expilaras‚
1057 1534 1175 1570 quam
1215 1520 1456 1568 incenderas,

129 1587 346 1638 pontifices,
363 1589 555 1634 consules,
575 1595 702 1637 patres
724 1586 932 1637 conscripti
951 1587 1255 1624 conlocaverunt
1271 1585 1459 1636 mihique,

129 1654 236 1703 quod
252 1661 343 1691 ante
359 1666 420 1691 me
442 1652 600 1700 nemini,
619 1652 786 1703 pecunia
807 1652 966 1703 publica
989 1651 1275 1691 aedificandam
1290 1652 1454 1691 domum

130 1726 376 1757 censuerunt.

186 1784 322 1822 Habes
368 1784 535 1823 reditum
581 1798 723 1824 meum.
796 1786 941 1825 Confer
981 1797 1085 1822 nunc
1125 1781 1292 1821 vicissim
1333 1790 1454 1830 tuum,

129 1849 290 1898 quando
322 1849 483 1899 quidem
523 1850 668 1888 amisso
708 1850 876 1889 exercitu
919 1849 1013 1887 nihil
1055 1848 1254 1886 incolume
1293 1849 1455 1886 domum

128 1921 278 1963 praeter
313 1927 356 1951 os
392 1913 487 1952 illud
524 1922 633 1953 tuum
670 1914 875 1965 pristinum
911 1913 1101 1953 rettulisti.
1176 1912 1255 1959 Qui
1288 1914 1455 1962 primum

176 2026 186 2045 1
215 2021 247 2046 et
269 2015 313 2046 V:
340 2016 399 2046 scd
418 2019 480 2046 cett.
629 2026 648 2055 5
673 2016 705 2055 a]
725 2028 742 2047 e
765 2016 796 2045 V
937 2018 958 2047 6
983 2016 1104 2046 viderit
1126 2015 1175 2045 V:
1202 2015 1348 2045 viderem
1367 2018 1429 2045 cett.
1451 2026 1457 2045 :

128 2059 270 2090 viderim
291 2058 453 2089 Garatoni
554 2060 618 2090 ulla
637 2060 697 2090 fuit
714 2070 775 2090 nec
799 2059 846 2090 V:
872 2059 930 2090 snit
949 2060 1013 2090 ulla
1031 2069 1140 2098 neque
1159 2062 1222 2088 cell.
1374 2068 1389 2095 7
1415 2058 1455 2087 ad

129 2113 182 2133 me
201 2103 333 2142 publice
354 2103 401 2132 V:
427 2102 558 2142 publice
576 2104 617 2134 ad
635 2114 687 2133 me
705 2107 769 2134 cell.
927 2114 947 2142 9
972 2113 1153 2134 concursus
1178 2101 1224 2133 V:
1259 2110 1454 2131 concursum

130 2149 272 2177 (occurs.
291 2145 338 2185 N)
357 2149 420 2176 cett.
568 2157 601 2177 11
629 2147 717 2186 apud
735 2146 845 2176 omnis
863 2157 926 2177 om.
946 2146 1006 2182 Ma
1160 2156 1197 2183 14
1224 2155 1296 2176 cuni
1320 2144 1365 2174 V:
1390 2154 1454 2183 quo

127 2192 190 2219 cell.
285 2189 477 2220 Romanum
495 2200 557 2220 om.
583 2190 614 2219 V
718 2191 756 2220 16
779 2190 934 2229 progredi
958 2190 1008 2219 V:
1035 2190 1216 2229 procedere
1235 2192 1298 2219 cell.
1419 2196 1453 2224 ¹7

127 2243 212 2270 quac
231 2234 299 2273 mc]
319 2243 370 2262 me
390 2233 498 2262 Roma
519 2233 593 2264 Cas.
702 2243 737 2262 21
765 2243 862 2272 quarn
880 2233 1050 2272 expilaras
1065 2243 1129 2263 ont.
1150 2232 1314 2263 Asconius
1414 2240 1454 2260 22

128 2276 334 2307 collocarunt
353 2275 518 2306 Asconius
651 2287 692 2315 23
715 2282 793 2307 ante
814 2278 882 2315 mci
901 2282 1000 2306 antea
1020 2276 1189 2307 Asconius
1280 2274 1452 2315 pecuniam

128 2319 292 2357 publicam
311 2319 351 2349 ad
368 2319 498 2351 aedific.
519 2319 607 2352 codd.
626 2320 764 2350 Asconii
875 2330 914 2358 27
941 2325 1033 2350 tuum
1051 2319 1225 2359 pristinum
1248 2319 1298 2358 Vq>
1314 2330 1321 2350 ι
1347 2317 1454 2358 pristi-

100 2369 104 2373 ’
128 2371 206 2394 num
225 2368 317 2394 tuum
335 2365 396 2394 cm.

1487 123 1521 154 51

1485 205 1532 231 22

1489 265 1521 285 :1

1486 285 1501 296 υ

1484 945 1521 976 52

1480 1800 1518 1832 53
