1716 2662
345 80 455 119 PRO
486 80 530 119 C.
566 80 804 119 RABIRIO
837 80 1100 119 POSTVMO
1133 80 1350 118 ORATIO
1465 87 1512 116 10
1533 90 1573 125 27

181 192 316 231 ibidem
337 193 453 230 mulli
469 191 650 231 viderunt
667 193 963 242 chlamydatum
984 191 1093 230 illum
1117 193 1160 229 L.
1180 192 1327 230 Sullam
1350 190 1510 241 impera-

182 264 317 296 torem.
377 259 419 296 L.
438 271 528 296 vero
548 257 756 308 Scipionis,
777 257 844 308 qui
865 257 1012 296 bellum
1037 256 1076 295 in
1104 256 1199 294 Asia
1229 255 1348 306 gessit
1377 257 1512 294 Antio-

180 322 380 372 chumque
404 322 562 370 devicit,
583 336 663 361 non
687 324 815 361 solum
841 336 933 361 cum
961 323 1169 372 chlamyde
1191 322 1261 360 sed
1283 321 1399 359 etiam
1420 334 1510 359 cum

180 385 347 437 crepidis
386 386 425 424 in
458 386 655 437 Capitolio
690 394 858 425 statuam
893 386 1063 433 videti53
1095 400 1263 437 quorum
1299 385 1511 436 impunitas

142 465 159 496 5
180 450 251 489 fuit
282 465 362 490 non
395 453 516 491 modo
546 465 568 490 a
599 451 746 491 iudicio
779 453 849 492 sed
883 452 1000 491 etiam
1033 466 1056 491 a
1092 465 1283 491 sermone.
1343 451 1512 490 Facilius

180 524 283 555 certe
318 519 358 555 P.
383 517 576 556 Rutilium
607 519 756 556 Rufum
791 517 1034 557 necessitatis
1068 517 1267 557 excusatio
1298 518 1484 556 defendet
1502 531 1512 565 3

179 581 246 631 qui
280 595 370 620 cum
403 595 427 620 a
462 581 691 621 Mithridate
724 582 925 633 Mytilenis
961 596 1169 633 oppressus
1204 589 1317 629 esset,
1350 581 1511 620 crudeli-

179 652 297 684 tatem
325 646 422 697 regis
443 646 482 684 in
507 654 659 697 togatos
687 647 849 686 vestitus
881 647 1099 687 mutatione
1120 646 1263 685 vitavit.
1324 648 1427 696 Ergo
1448 645 1512 684 ille

179 712 220 748 P.
245 710 415 750 Rutilius
436 711 503 762 qui
523 713 809 751 documentum
842 712 913 751 fuit
935 712 1161 751 hominibus
1186 710 1328 751 nostris
1348 709 1509 758 virtutis,

121 792 159 814 10
177 775 430 826 antiquitatis,
463 777 704 827 prudentiae,
737 777 952 817 consularis
971 779 1107 817 ·homo
1137 790 1275 816 soccos
1306 775 1442 815 habuit
1473 783 1510 813 et

178 840 338 891 pallium
354 856 364 890 3
397 855 470 880 nec
501 854 593 881 vero
623 842 664 882 id
693 842 843 881 homini
879 842 1086 893 quisquam
1119 843 1188 880 sed
1216 840 1382 892 tempori
1411 841 1510 878 adsi-

176 907 377 957 gnandum
399 907 572 958 putavit3
593 909 784 946 Postumo
808 907 956 946 crimen
979 907 1140 946 vestitus
1161 908 1311 945 adferet
1326 905 1357 944 is
1374 906 1412 943 in
1430 918 1511 955 quo

177 985 264 1022 spes
286 971 356 1010 fuit
381 985 496 1022 posse
523 985 607 1011 sese
635 972 849 1023 aliquando
876 973 927 1011 ad
954 973 1128 1010 fortunas
1162 984 1249 1010 suas
1279 969 1510 1021 pervenire?

178 1038 280 1075 Nam
312 1045 353 1075 ut
374 1045 534 1076 ventum
562 1044 619 1076 est
641 1039 941 1085 Alexandream,
967 1037 1131 1085 iudices,
1152 1038 1249 1075 haec
1271 1049 1349 1074 una
1369 1034 1466 1073 ratio
1486 1048 1508 1072 a
1531 1043 1569 1074 28

123 1117 157 1149 15
177 1115 265 1152 rege
286 1102 485 1152 proposita
507 1105 697 1142 Postumo
718 1111 776 1142 est
808 1105 1022 1142 servandae
1052 1103 1253 1154 pecuniae,
1283 1101 1315 1140 si
1345 1100 1504 1140 curatio-

177 1181 268 1206 nem
289 1176 326 1207 et
347 1169 456 1219 quasi
479 1168 814 1219 dispensationem
841 1169 984 1219 regiam
1008 1168 1253 1219 suscepisset.
1306 1168 1354 1206 Id
1374 1174 1505 1205 autem

177 1234 302 1272 facere
326 1247 406 1272 non
434 1241 595 1284 poterat,
619 1234 693 1273 nisi
717 1234 1048 1274 dioecetes—hoc
1080 1233 1184 1272 enim
1206 1232 1367 1272 nomine
1388 1231 1507 1270 utitur

176 1297 243 1347 qui
264 1311 309 1336 ea
325 1297 577 1348 regit—esset
598 1299 844 1338 constitutus.
884 1300 1079 1338 Odiosum
1097 1298 1298 1349 negotium
1316 1299 1508 1336 Postumo

177 1362 392 1410 videbatur,
415 1365 484 1402 sed
505 1371 585 1402 erat
606 1365 712 1402 nulla
734 1364 898 1403 omnino
921 1365 1137 1411 recusatio3
1159 1365 1368 1402 molestum
1389 1361 1506 1400 etiam

121 1447 160 1469 20
179 1442 323 1468 nomen
352 1428 491 1479 ipsum,
515 1430 584 1469 sed
611 1444 670 1468 res
698 1430 869 1469 habebat
901 1443 1047 1468 nomen
1073 1430 1148 1467 hoc
1175 1429 1280 1478 apud
1305 1427 1402 1474 illos,
1426 1440 1504 1465 non

178 1494 240 1532 hic
262 1495 510 1544 imposuerat.
571 1496 719 1534 Oderat
749 1495 931 1534 vestitum
961 1494 1078 1533 etiam
1104 1493 1223 1541 illum,
1247 1494 1317 1531 sed
1345 1491 1428 1531 sine
1458 1506 1506 1530 co

177 1572 250 1597 nec
284 1573 429 1598 nomen
461 1559 557 1598 illud
589 1568 740 1609 poterat
772 1573 845 1599 nec
879 1573 1022 1598 munus
1054 1557 1162 1597 tueri.
1223 1559 1326 1607 Ergo
1350 1557 1504 1595 ‘aderat

176 1623 254 1662 vis⁷
275 1631 316 1662 ut
336 1623 388 1662 ait
409 1632 526 1674 poeta
545 1623 609 1663 ille
630 1633 771 1672 noster,

381 1700 503 1748 ‘quae
533 1712 706 1737 summas
737 1699 874 1749 frangit
906 1700 1153 1749 infirmatque
1183 1698 1302 1747 opes!

121 1788 158 1820 ²5
234 1777 242 1793 ‘
257 1775 499 1821 Moreretur‚'
520 1773 699 1825 inquies,·
730 1789 819 1813 nam
842 1775 882 1814 id
904 1775 1088 1825 sequitur.
1148 1774 1319 1813 Fecisset
1336 1781 1449 1821 certe,
1473 1774 1502 1813 si
1528 1786 1566 1819 29

177 1839 259 1878 sine
292 1839 462 1878 maximo
494 1841 690 1879 dedecore
721 1849 800 1879 tam
830 1840 1028 1891 impeditis
1061 1839 1140 1878 suis
1170 1839 1284 1877 rebus
1314 1839 1504 1889 potuisset

176 1903 307 1942 emori.
333 1903 425 1942 Noli
447 1903 560 1954 igitur
577 1906 772 1943 fortunam
790 1913 1015 1944 convertere
1032 1904 1071 1943 in
1088 1906 1243 1954 culpam
1263 1917 1390 1953 neque
1407 1904 1504 1953 regis
1525 1913 1559 1939 11

175 1966 354 2006 iniuriam
383 1968 498 2006 huius
524 1968 671 2008 crimen
699 1977 834 2020 putare
865 1983 938 2008 nec
968 1969 1176 2008 consilium
1205 1983 1251 2006 ex
1272 1968 1504 2008 necessitate

222 2071 234 2091 1
261 2061 417 2092 viderunt
434 2062 569 2103 scripsi:
596 2063 702 2094 videri
726 2066 776 2103 (-e
793 2066 817 2105 t)
837 2062 924 2093 codd.
1015 2072 1034 2101 5
1059 2060 1231 2101 sermone]
1254 2062 1336 2101 sors.
1356 2062 1501 2092 omnium

175 2104 363 2135 addendum
385 2106 567 2145 (clausulae
579 2108 706 2147 gralia)
840 2117 860 2145 9
885 2106 955 2146 qui]
974 2107 1062 2145 quod
1082 2105 1164 2145 st¹pq
1314 2115 1345 2135 11
1374 2105 1500 2136 homini

176 2153 243 2178 tum
261 2148 306 2179 ed.
327 2149 412 2180 Crat.
608 2161 644 2180 12
670 2160 735 2190 quo
755 2161 820 2180 uno
838 2149 1002 2180 Patricius
1196 2158 1229 2186 14
1258 2148 1499 2179 Alexandriam

174 2191 288 2230 qu-11²5-
364 2193 489 2224 iudices
504 2193 637 2233 Quintil.
652 2194 691 2224 iv.
707 2204 735 2224 2.
754 2196 790 2223 18
807 2205 812 2223 :
837 2193 953 2224 audies
973 2193 1080 2230 (vides
1099 2192 1135 2230 μ)
1148 2191 1238 2224 codd.
1333 2194 1371 2222 16
1387 2192 1500 2231 regiae

174 2234 339 2267 Palrict'ns
511 2248 545 2276 17
572 2238 719 2267 diocetcs
737 2237 824 2268 codd.
843 2248 848 2266 :
874 2248 953 2267 corr.
975 2236 1138 2275 Angelius
1298 2237 1333 2265 18
1358 2248 1397 2266 ca
1415 2236 1500 2274 regit

175 2278 347 2320 Mmlvt'g.:
376 2281 479 2311 aretic-
508 2283 539 2310 (a
564 2291 642 2319 rege
663 2282 700 2320 p)
727 2280 813 2311 codd.
972 2290 1008 2309 21
1038 2280 1088 2309 hic
1113 2279 1297 2317 ,⁴114311‘l1'ns:
1324 2280 1385 2309 hoc
1409 2279 1496 2310 codd.

175 2325 216 2353 26
242 2324 413 2363 impeditis
431 2323 458 2361 k,
480 2323 667 2364 Angelius:
695 2324 897 2363 impudentis
912 2327 974 2354 cell.
1083 2333 1122 2361 27
1149 2322 1217 2352 noli
1236 2323 1368 2363 scripsi:
1395 2323 1498 2354 nolite

173 2366 260 2400 codd.
354 2368 394 2398 28
419 2372 536 2406 putare
554 2367 693 2399 mostff:
719 2367 837 2406 punire
854 2371 918 2398 cest.
