1716 2662
271 88 380 126 PRO
412 88 461 136 Q.
495 86 700 126 ROSCIO
731 86 1014 125 COMOEDO
1044 86 1262 125 ORATIO
1392 86 1436 124 18
1459 100 1494 127 z·

1457 110 1496 134 ,ὃ

107 200 259 239 debes?
313 198 520 237 Simillima
549 197 655 237 enim
683 204 721 236 et
752 197 921 236 maxime
948 196 1105 248 gemina
1134 195 1301 236 societas
1330 198 1436 235 here-

107 265 239 304 ditatis
260 271 317 303 est
335 279 346 312 3
375 277 493 314 quem
514 264 565 302 ad
591 264 756 301 modum
778 262 907 300 socius
933 261 972 300 in
1003 262 1191 301 societate
1212 262 1331 300 habet
1355 275 1436 312 par—

108 338 198 377 tem,
231 329 285 367 sic
315 330 427 367 heres
456 330 495 366 in
523 328 741 367 hereditate
768 328 887 366 habet
915 336 1076 378 partem.
1136 330 1190 366 Vt
1220 328 1332 366 heres
1362 327 1434 365 sibi

108 394 179 433 soli
210 408 290 432 non
320 392 582 432 coheredibus
613 392 719 443 petit,
743 392 799 430 sic
831 392 960 431 socius
993 393 1066 443 sibi
1102 392 1174 430 soli
1208 405 1288 430 non
1321 391 1436 429 sociis

72 476 89 508 5
109 459 233 510 petit;
271 467 308 498 et
343 472 462 509 quern
493 459 544 496 ad
577 458 742 496 modum
774 466 939 507 uterque
971 471 1042 507 pro
1075 471 1144 496 sua
1184 465 1293 508 parte
1328 457 1434 508 petit,

107 524 162 563 sic
201 538 272 575 pro
309 537 379 563 sua
418 531 526 574 parte
558 522 746 570 dissolvit,
776 524 888 561 heres
922 537 968 561 ex
1008 537 1053 561 ea
1087 531 1195 574 parte
1227 536 1304 573 qua
1333 524 1438 561 here-

105 589 269 628 ditatem
304 589 410 636 adiit,
445 587 575 627 socius
605 602 652 627 ex
682 601 728 627 ea
759 601 838 638 qua
872 588 1101 627 societatem
1130 589 1234 627 coiit.
1306 590 1436 638 Quem

104 655 156 693 ad
188 655 353 693 modum
388 667 499 692 suam
527 661 677 703 partem
708 652 877 691 Roscius
910 666 982 691 suo
1017 652 1178 692 nomine
1211 655 1438 692 condonare

106 719 235 770 potuit
260 718 406 766 Flavio,
429 726 471 757 ut
492 731 580 757 eam
605 725 648 756 tu
677 731 759 756 non
783 725 946 768 peteres,
970 718 1036 766 sic,
1061 732 1150 757 cum
1181 718 1306 768 exegit
1327 731 1435 757 suam

51 805 89 827 ιο
106 793 257 836 partem
286 793 325 824 et
356 784 427 824 tibi
458 784 649 835 integram
684 784 916 835 petitionem
947 785 1113 835 reliquit,
1142 792 1275 823 tecum
1306 785 1434 835 partiri

107 864 188 889 non
217 851 346 897 debet,
371 849 445 888 nisi
472 851 571 888 forte
599 857 640 888 tu
666 863 848 900 perverso
876 863 985 889 more
1015 851 1125 900 quod
1153 850 1269 888 huius
1300 858 1357 888 est
1386 851 1435 889 ab

105 915 183 955 alio
212 923 442 966 extorquere
472 929 554 954 non
583 923 707 966 potes,
730 915 823 953 huic
853 915 1002 965 eripere
1032 923 1156 966 potes,
1218 917 1367 955 Perstat
1397 916 1435 954 in

106 981 300 1020 sententia
320 981 506 1028 Saturius,
529 982 814 1032 quodcumque
844 980 917 1019 sibi
948 988 1055 1031 petat
1086 981 1225 1028 socius,
1250 980 1290 1019 id
1319 981 1438 1019 socie·

106 1046 195 1085 tatis
242 1046 335 1085 fieri.
407 1047 529 1096 Quod
568 1045 599 1084 si
638 1045 690 1084 ita
729 1053 798 1092 est,
835 1059 924 1096 qua,
965 1048 1123 1093 malum,
1165 1045 1327 1084 stultitia
1365 1045 1436 1084 fuit

52 1130 86 1161 ¹5
106 1111 286 1160 Roscius,
311 1112 378 1162 qui
403 1126 450 1151 ex
476 1110 566 1150 iuris
592 1111 805 1162 peritorum
827 1111 993 1150 consilio
1013 1119 1052 1151 et
1071 1112 1303 1151 auctoritate
1332 1111 1437 1151 resti-

105 1178 302 1228 pulasretur
320 1190 344 1215 a
365 1176 519 1215 Fannio
531 1175 738 1227 diligenter
755 1184 797 1214 ut
816 1176 899 1215 eius
917 1178 1025 1227 quod
1047 1177 1237 1228 exegisset
1256 1191 1278 1215 a
1302 1177 1436 1216 Flavio

105 1242 309 1281 dimidiam
330 1250 481 1293 partem
501 1241 576 1281 sibi
591 1242 832 1290 dissolveret,
856 1242 886 1280 si
908 1242 1069 1292 quidem
1091 1243 1174 1281 sine
1194 1244 1377 1282 cautione
1397 1250 1435 1282 et

106 1308 409 1358 repromissione
442 1308 567 1347 nihilo
602 1307 732 1347 minus
767 1307 807 1347 id
841 1308 1014 1346 Fannius
1047 1308 1235 1355 societati,
1267 1309 1343 1347 hoc
1377 1316 1435 1347 est

107 1373 265 1421 Roscio,
288 1373 490 1412 debebat?
543 1390 563 1407 ν
625 1390 645 1407 ÷÷
705 1389 726 1407 κ
787 1390 807 1409 ÷÷
870 1389 889 1406 ae
951 1389 971 1406 ÷÷
1033 1390 1053 1406 ÷÷
1114 1391 1133 1407 ÷÷
1195 1389 1214 1406 ÷÷

148 1477 169 1506 6
195 1487 235 1507 ea
259 1476 420 1516 Madvig:
451 1486 508 1506 sua
532 1475 623 1507 codd.
776 1478 796 1507 8
822 1477 1004 1508 condonari
1028 1477 1137 1517 potuit
1162 1487 1222 1508 suo
1248 1478 1382 1508 nomine
1406 1481 1432 1508 Ω

109 1531 145 1551 11
174 1520 240 1560 est]
259 1525 310 1551 est
325 1521 354 1551 si
370 1519 499 1562 Kayser
619 1530 656 1550 12
681 1520 764 1561 alio]
784 1520 841 1550 illo
858 1520 888 1550 Ι)2
1014 1531 1050 1559 14
1075 1531 1161 1560 quae
1179 1521 1299 1551 malum
1318 1521 1406 1552 codd.
1426 1532 1433 1552 ε

106 1575 184 1595 corr.
204 1563 379 1594 Manutius
469 1565 508 1594 16
534 1565 605 1595 eius
620 1565 711 1603 quod
727 1564 845 1604 scripsi
858 1564 913 1604 (cf.
934 1567 948 1601 ξ
967 1564 1023 1603 38)
1040 1575 1047 1595 :
1072 1565 1162 1603 quod
1180 1565 1253 1595 eius
1272 1564 1315 1594 (is
1333 1564 1431 1603 n2ok)

106 1607 194 1638 codd.
356 1617 392 1646 17
422 1607 608 1649 dimidiam]
636 1609 708 1638 eius
732 1608 902 1638 dimidiam
928 1607 1116 1638 Lambinus
1248 1607 1431 1638 dissolvere

105 1649 219 1682 codd:
247 1660 325 1682 corr.
344 1650 390 1682 ed.
410 1649 444 1680 R
609 1660 647 1690 19
672 1651 792 1681 debeat
821 1654 846 1681 Ω

1459 594 1498 635 56
