1716 2662
344 69 453 107 PRO
487 70 525 106 P.
558 69 838 117 QVINC'l‘to
871 70 1087 106 ORATIO
1337 79 1378 113 13
1400 82 1442 114 43

51 178 205 216 civitate
248 178 307 225 sit,
350 192 399 215 ne
445 179 576 216 locum
616 191 730 216 suum
770 191 889 227 quem
933 180 1063 216 adhuc
1105 179 1379 217 honestissime

50 242 227 282 defendit
261 242 447 289 obtineat,
482 256 531 280 ne
566 250 791 281 numeretur
824 242 925 281 inter
959 243 1076 290 vivos,
1114 249 1159 281 ut
1194 244 1379 281 decernat

49 309 100 346 de
127 307 204 346 vita
228 316 266 346 et
294 307 534 346 ornamentis
562 308 640 346 suis
669 308 866 354 omnibus,
889 309 995 358 apud
1024 307 1194 346 iudicem
1220 321 1378 347 causam

50 373 176 424 priore
211 375 299 411 loeo
329 373 433 411 dicat
458 381 507 420 et,
535 386 624 411 eam
652 386 744 411 cum
768 373 894 420 orarit,
925 381 1009 412 tum
1038 373 1210 423 denique
1239 386 1378 412 vocem

49 437 286 477 accusatoris
319 438 485 476 audiat?
543 437 684 487 Quid?
728 439 805 476 hoc
838 451 918 488 quo
951 438 1147 488 pertinet?
1187 445 1230 476 ut
1268 438 1379 477 ocius

50 505 100 542 ad
135 512 245 542 tuum
281 503 514 554 pervenias?
571 506 623 542 At
655 503 686 541 si
722 503 761 542 id
796 505 924 551 velles,
959 503 1034 541 iam
1067 503 1217 553 pridem
1247 511 1378 543 actum

50 582 136 606 esse
162 576 324 619 poterat.
389 569 443 607 Vt
472 568 698 607 honestiore
725 568 873 606 iudicio
904 568 1156 607 conflictere?
1214 571 1265 606 At
1295 568 1379 607 sine
1404 578 1443 607 44

51 646 207 671 summo
232 635 376 672 scelere
405 635 445 672 P.
477 633 721 683 Quinctium,
755 633 1020 684 propinquum
1054 641 1176 679 tuum,
1206 633 1379 682 iugulare

52 713 131 736 non
153 708 275 749 potes,
326 701 379 737 Vt
400 699 550 737 facilius
572 699 761 737 iudicium
784 699 862 737 sit?
905 702 956 737 At
978 712 1107 749 neque
1131 700 1174 738 C.
1199 700 1379 749 Aquilius

50 765 101 801 de
133 764 260 814 capite
288 764 444 802 alterius
471 764 637 802 libenter
663 764 809 802 iudicat
840 772 877 801 et
902 766 950 813 Q.
983 764 1219 802 Hortensius
1245 772 1381 803 contra

50 838 166 878 caput
188 843 266 866 non
288 829 425 867 ‹lidicit
453 829 593 868 dicere.
657 830 764 878 Quid
794 842 817 867 a
845 830 959 868 nobis
986 838 1129 876 autem,
1158 831 1202 868 C.
1232 831 1377 880 Aquili,

51 895 239 932 refertur?
311 895 524 933 Pecuniam
563 895 685 945 petit5
734 908 922 945 negamus
962 895 1108 933 deberi.
1181 895 1377 933 Iudicium

52 960 114 998 fiat
137 960 291 1007 statim:
322 974 402 998 non
424 973 659 998 recusamus.
712 961 816 998 Num
834 960 929 1010 quid
951 961 1180 1010 praeterea?
1216 960 1256 998 Si
1278 974 1381 999 vere-

50 1033 110 1063 tur
150 1033 189 1063 ut
230 1039 287 1063 res
328 1024 474 1064 iudicio
509 1026 612 1063 facto
642 1033 775 1075 parata
807 1025 866 1071 sit,
901 1024 1117 1063 iudicatum
1157 1024 1254 1062 solvi
1288 1026 1381 1063 satis

0 1107 28 1128 t·
50 1090 214 1140 accipiat
232 1105 241 1137 ¹:
279 1090 422 1140 quibus
454 1104 476 1128 a
511 1104 574 1128 me
610 1091 737 1128 verbis
767 1090 860 1128 satis
889 1090 1097 1140 acceperit,
1128 1090 1252 1128 isdem
1284 1090 1378 1141 ipse,

50 1156 157 1205 quod
188 1165 291 1206 pem,
324 1156 414 1194 satis
445 1157 522 1194 det.
584 1160 729 1194 Actum
756 1156 831 1193 iam
861 1162 989 1205 potest
1019 1168 1115 1203 esse,
1148 1156 1192 1195 C.
1222 1156 1381 1205 Aquili3

51 1221 126 1259 iam
166 1230 207 1260 tu
250 1230 361 1271 potes
401 1222 587 1260 liberatus
628 1222 832 1260 discedere
873 1220 1052 1258 molestia
1087 1234 1208 1271 prope
1248 1221 1378 1259 dicam

52 1300 131 1324 non
153 1287 304 1326 minore
326 1301 444 1337 quam
467 1287 690 1336 Quinctius.

105 1352 213 1400 Quid
235 1353 396 1402 agimus,
418 1352 631 1391 Hortensi?
657 1353 752 1402 quid
774 1354 913 1391 dehac
934 1352 1171 1391 condicione
1187 1352 1378 1391 dicimus?
1398 1361 1439 1391 45

53 1419 266 1455 Possumus
294 1417 508 1467 aliquando
535 1418 725 1467 depositis
755 1418 872 1456 armis
900 1417 984 1456 sine
1012 1417 1186 1468 periculo
1212 1418 1380 1455 fortuna-

51 1497 135 1522 rum
153 1485 203 1521 de
224 1498 263 1522 re
283 1483 508 1534 pecuniaria
529 1483 778 1533 disceptare?
805 1496 1014 1533 possumus
1036 1482 1088 1520 ita
1109 1495 1189 1520 rem
1207 1490 1379 1520 nostram

52 1549 231 1599 persequi
257 1557 299 1587 ut
328 1548 499 1586 hominis
529 1549 739 1598 propinqui
770 1556 888 1598 caput
920 1548 1117 1585 incolume
1148 1561 1232 1585 esse
1263 1547 1381 1597 patia-

53 1616 170 1653 mur?
212 1628 422 1665 possumus
466 1614 642 1665 petitoris
687 1628 895 1664 personam
945 1626 1094 1662 capere,
1142 1612 1380 1650 accusatoris

52 1681 279 1730 deponere?
350 1681 527 1724 ‘Immo,’
559 1679 696 1729 inquit,
735 1680 827 1718 ‘abs
854 1687 893 1718 te
923 1678 1015 1716 satis
1044 1677 1263 1727 accipiam,·
1308 1691 1380 1727 ego

53 1754 184 1784 autem
210 1745 280 1784 tibi
307 1746 399 1784 satis
431 1760 511 1784 non
542 1747 670 1784 dabo.'
730 1745 830 1794 Quis
860 1745 1022 1782 tandem
1050 1742 1166 1780 nobis
1197 1742 1270 1781 ista
1299 1744 1380 1780 iura
1401 1750 1444 1786 14

53 1820 131 1849 tam
158 1824 284 1860 aequa
310 1810 516 1849 discribit?
546 1811 633 1860 quis
658 1812 735 1850 hoc
764 1811 908 1855 statuit,
932 1809 1040 1858 quod
1069 1821 1239 1858 aequum
1271 1807 1318 1845 sit
1341 1809 1378 1845 in

54 1874 296 1924 Quinctium,
320 1875 359 1913 id
382 1874 560 1924 iniquum
582 1888 666 1913 esse
687 1875 726 1912 in
749 1874 974 1912 Naevium?
1045 1872 1229 1921 ‘Quincti
1250 1872 1379 1919 bona,’

53 1940 190 1990 inquit,
227 1943 297 1979 ‘ex
336 1940 467 1978 edicto
502 1940 689 1990 praetoris
724 1953 905 1990 possessa
934 1940 1047 1976 sunt.'
1109 1939 1221 1987 Ergo,
1259 1937 1298 1975 id
1337 1945 1379 1974 ut

53 2007 250 2053 confitear,
283 2007 456 2056 postulas
492 2014 544 2053 ut,
568 2007 677 2056 quod
702 2018 919 2055 numquam
947 2005 1093 2042 sactum
1120 2016 1205 2041 esse
1233 2001 1378 2039 iudicio

97 2119 116 2139 ς.)
141 2114 175 2140 ut
193 2108 340 2149 supplevi
469 2121 487 2148 4
514 2110 679 2149 per-orarit
696 2109 868 2139 Hotoman
1001 2118 1018 2146 5
1043 2106 1124 2146 quid
1143 2106 1230 2136 hoc?
1254 2115 1320 2144 quo
1331 2104 1380 2153 bf?

59 2162 90 2182 11
120 2152 214 2183 nobis
233 2151 287 2182 211¹
303 2163 310 2182 z
334 2152 429 2183 vobis
447 2157 512 2184 cett.
651 2163 689 2191 13
714 2163 792 2183 num
809 2152 839 2182 [Α
856 2163 863 2183 z
893 2157 928 2182 ut
945 2156 1010 2182 cell.
1148 2158 1186 2187 15
1211 2153 1379 2196 acceperit

54 2195 203 2236 Kayser:
227 2195 399 2235 acciperet
415 2195 478 2235 Σχ2
496 2208 503 2227 :
526 2196 669 2236 accipiet
686 2200 747 2226 cett.
887 2205 923 2234 17
949 2195 1106 2225 liberatus
1123 2203 1186 2223 om.
1203 2203 1226 2230 χ
1315 2191 1379 2220 dis-

55 2249 132 2269 cere
146 2237 178 2268 b¹
321 2249 359 2278 19
383 2240 532 2271 dicamus
548 2240 577 2270 b¹
722 2250 763 2269 22
788 2239 944 2278 prosequi
961 2237 991 2268 Ι)ι
1146 2246 1186 2275 25
1212 2235 1292 2265 satis
1311 2245 1377 2264 non

55 2282 142 2313 dabo
156 2280 214 2313 Eb¹
229 2294 237 2314 :
261 2292 328 2313 non
345 2283 428 2313 satis
446 2283 532 2314 dabo
549 2288 612 2315 cett.
740 2283 782 2312 26
806 2282 966 2313 describit
985 2279 1071 2312 codd.
1089 2292 1095 2310 :
1122 2290 1200 2311 corr.
1224 2277 1383 2309 Bz'ichcler

56 2327 88 2356 in
105 2325 315 2367 Quinctium]
336 2326 485 2366 iniquum
502 2330 526 2358 Σ
658 2336 697 2366 27
724 2326 755 2357 id
771 2337 836 2357 om.
857 2326 886 2357 ’τ’

72 2379 76 2383 ’
99 2390 160 2411 cic.
182 2389 250 2411 PRO
268 2390 430 2418 vacrio
1275 2377 1294 2405 2
