1716 2662
43 808 81 830 10

43 1135 79 1166 15

41 1465 82 1487 20

43 1788 83 1819 25

406 90 517 152 PRQ
547 91 593 128 A.
627 90 879 129 CAECINA
908 90 1126 128 ORATIO
1381 102 1425 128 10
1447 106 1488 137 29

100 215 219 253 quam
251 201 412 241 vidisset
447 214 577 252 neque
607 200 781 240 audisset
815 202 1033 240 adductum
1065 214 1151 241 esse
1184 201 1340 253 pretio?
1376 216 1427 242 an

99 267 242 306 certius
272 267 486 318 quiequam
507 266 612 306 obici
632 273 762 318 potest
782 279 902 317 quam
923 267 1032 317 quod
1053 266 1084 305 is
1106 266 1169 304 cui
1190 267 1358 305 obicitur
1378 281 1428 306 ne

100 341 198 371 nutu
228 332 390 383 quidem
419 332 617 371 infirmare
644 334 842 371 conatur?
897 333 1047 370 Verum
1078 340 1210 371 tamen
1243 332 1274 371 is
1306 333 1425 379 testis,
1450 351 1489 381 30

99 406 196 437 —ut
217 397 330 437 facile
350 397 626 447 intellegeretis
642 411 734 436 eum
754 410 836 435 non
851 397 1024 436 adfuisse
1040 397 1185 446 animo,
1203 411 1294 436 eum
1311 411 1429 437 causa

100 464 150 502 ab
180 463 253 502 illis
282 470 460 513 ageretur
479 470 678 513 testesque
699 462 885 509 dicerent,
909 464 978 502 sed
999 463 1187 513 tantisper
1217 464 1266 502 de
1295 463 1428 514 aliquo

100 543 166 568 reo
191 528 532 579 cogitasse—cum
558 541 698 567 omnes
722 535 814 566 ante
842 541 934 566 eum
959 528 1149 567 dixissent
1170 536 1288 567 testes
1308 542 1430 567 arma-

101 602 161 633 tos
194 608 286 632 cum
309 593 486 632 Aebutio
516 594 635 632 fuisse
666 592 893 643 compluris,
917 594 1022 631 solus
1053 593 1149 632 dixit
1182 607 1263 632 non
1297 594 1425 633 fuisse.

99 661 136 697 V
139 660 217 698 isus
250 667 309 698 est
343 659 438 698 mihi
469 660 597 710 primo
628 666 821 697 veterator
853 658 1078 708 intellegere
1105 661 1303 710 praeclare
1329 659 1428 709 quid

100 739 242 764 causae
289 726 473 772 obstaret,
521 731 559 763 et
597 731 751 762 tantum
802 725 922 762 modo
972 737 1107 771 errare,
1143 725 1252 774 quod
1300 724 1428 763 omnis

99 790 208 829 testis
237 789 450 828 infirmaret
470 789 537 840 qui
566 797 658 828 ante
687 803 778 828 eum
806 789 1022 829 dixissent:
1052 803 1142 828 cum
1171 789 1312 837 subito,
1336 803 1429 829 ecee

99 854 205 894 idem
226 854 294 906 qui
315 856 424 902 solet,
442 856 544 894 duos
565 856 670 893 solos
691 868 823 893 servos
843 862 1014 893 armatos
1033 856 1151 893 fuisse
1168 854 1275 893 dixit.
1320 855 1428 904 Quid
1448 866 1484 893 11

99 920 192 959 huic
212 928 254 959 tu
274 920 427 959 homini
443 919 594 960 facias?
623 933 757 958 nonne
773 921 971 958 concedas
989 921 1187 959 interdum
1210 928 1252 958 ut
1273 934 1430 959 excusa-

99 986 207 1025 tione
237 999 415 1024 summae
435 984 622 1024 stultitiae
642 998 821 1024 summae
841 985 1103 1035 improbitatis
1125 985 1264 1024 odium
1295 987 1429 1037 depre-

99 1053 237 1090 cetur?
293 1053 446 1098 Vtrum,
475 1058 777 1101 recuperatores,
801 1051 861 1089 his
889 1051 1054 1089 testibus
1083 1064 1164 1089 non
1195 1050 1426 1098 credidistis,
1447 1067 1484 1096 31

100 1131 191 1156 cum
216 1116 312 1168 quid
338 1116 504 1167 liqueret
531 1131 611 1156 non
636 1116 859 1155 habuistis?
888 1124 927 1155 at
948 1116 1214 1155 controversia
1242 1130 1322 1156 non
1349 1124 1430 1156 erat

99 1182 196 1233 quin
217 1195 351 1221 verum
372 1181 559 1221 dicerent.
598 1183 663 1221 An
685 1180 725 1219 in
745 1189 883 1220 coacta
904 1181 1166 1228 multitudine,
1183 1181 1222 1220 in
1243 1181 1371 1229 armis,
1390 1181 1430 1220 in

100 1247 197 1296 telis,
221 1249 260 1286 in
281 1246 475 1298 praesenti
497 1254 605 1285 metu
636 1246 770 1286 mortis
792 1247 1080 1298 perspicuoque
1102 1248 1276 1298 periculo
1297 1248 1429 1287 caedis

99 1313 267 1354 dubium
287 1313 399 1352 vobis
420 1314 492 1351 fuit
516 1312 644 1351 inesse
664 1312 720 1351 vis
744 1312 876 1363 aliqua
897 1313 1092 1352 videretur
1122 1316 1278 1353 necne?
1335 1314 1428 1364 Qui-

100 1380 174 1418 bus
194 1379 309 1429 igitur
329 1379 369 1417 in
389 1378 505 1417 rebus
527 1378 584 1416 vis
604 1378 776 1427 intellegi
798 1386 938 1429 potest,
962 1378 994 1417 si
1020 1379 1060 1417 in
1087 1379 1147 1417 his
1175 1393 1256 1418 non
1284 1379 1431 1419 intelle-

100 1446 240 1495 getur?
296 1446 362 1483 An
393 1456 485 1482 vero
526 1444 591 1482 illa
628 1443 807 1482 defensio
846 1443 958 1482 vobis
998 1446 1196 1495 praeclara
1229 1445 1311 1484 visa
1348 1452 1429 1485 est:

103 1514 111 1530 ‘
130 1511 222 1548 Non
244 1508 380 1557 deieci,
405 1509 475 1547 sed
505 1508 637 1546 obstiti
655 1523 666 1556 ,·
694 1522 776 1546 non
801 1510 906 1547 enim
935 1522 1022 1547 sum
1043 1523 1181 1560 passus
1202 1510 1241 1547 in
1262 1511 1429 1549 fundum

100 1574 262 1625 ingredi,
285 1575 354 1612 sed
383 1580 554 1611 armatos
578 1573 759 1612 homines
792 1574 971 1624 opposui,
995 1582 1038 1612 ut
1060 1576 1314 1625 intellegeres,
1337 1575 1369 1613 si
1389 1575 1429 1612 in

101 1641 225 1679 fundo
273 1639 417 1690 pedem
464 1638 677 1689 posuisses,
717 1639 847 1677 statim
887 1640 958 1678 tibi
998 1654 1082 1678 esse
1130 1641 1430 1691 pereundum?'

103 1705 213 1754 Quid
233 1704 318 1743 ais?
348 1703 379 1741 is
404 1703 471 1753 qui
500 1703 617 1742 armis
643 1704 880 1754 proterritus‚
911 1706 1076 1755 fugatuS‚
1099 1707 1234 1755 pulsus
1258 1713 1326 1752 est,
1349 1719 1430 1744 non

102 1770 256 1809 videtur
293 1783 378 1808 esse
416 1769 626 1807 deiectus?
698 1770 896 1808 Posterius
936 1771 986 1809 de
1025 1770 1146 1809 verbo
1184 1770 1405 1809 videbimus
1419 1785 1430 1819 3
1451 1780 1488 1811 32

102 1849 208 1874 nunc
235 1848 316 1873 rem
344 1834 468 1884 ipsam
496 1847 689 1884 ponamus
711 1848 831 1884 quam
852 1835 905 1873 illi
927 1849 1008 1874 non
1029 1842 1173 1885 negant
1200 1843 1238 1873 et
1264 1835 1347 1874 eius
1376 1835 1429 1874 rei

101 1900 160 1939 ius
181 1900 458 1949 actionemque
479 1913 723 1950 quaeramus.

156 1967 227 2004 Est
264 1966 362 2004 haec
396 1978 455 2003 res
490 1965 618 2015 posita
653 1978 754 2015 quae
787 1968 839 2005 ab
878 1967 1100 2006 adversario
1140 1980 1220 2004 non
1254 1973 1427 2016 negatur,

147 2080 161 2100 1
187 2080 261 2101 esse
280 2069 387 2108 pretio
410 2069 467 2099 TE
484 2080 490 2098 :
515 2069 622 2108 pretio
640 2079 716 2099 esse
735 2073 798 2101 cell.
900 2082 919 2109 4
945 2081 1044 2101 causa
1060 2071 1101 2101 ab
1119 2070 1181 2100 illis
1206 2069 1282 2099 TE:
1306 2069 1346 2099 ab
1365 2069 1430 2100 illis

104 2114 192 2153 (aliis
209 2115 242 2153 k)
263 2123 362 2144 causa
380 2115 442 2142 cell.
579 2121 598 2149 5
622 2114 682 2142 sed
700 2112 889 2154 Naugerius
906 2115 957 2153 (Ι)
973 2126 979 2144 ;
1006 2125 1044 2145 se
1061 2114 1149 2144 codd.
1264 2124 1285 2152 9
1310 2122 1430 2143 causae

103 2158 171 2195 (-sa
189 2158 234 2188 ⁶75
247 2161 380 2195 optaret
397 2155 484 2186 codd.
506 2167 513 2186 :
537 2166 617 2187 corr.
634 2155 742 2186 Halm
760 2169 766 2187 :
791 2168 890 2188 causa
908 2158 1093 2197 postularet
1110 2157 1241 2196 Kayser
1391 2166 1426 2187 11

103 2201 186 2232 duos
203 2199 334 2230 Baiter:
359 2210 439 2230 suos
457 2198 543 2230 codd.
710 2210 746 2230 12
772 2206 805 2231 tu
823 2212 889 2232 om.
913 2201 1034 2232 Gellius
1050 2202 1105 2231 vii.
1129 2202 1176 2231 16.
1199 2210 1236 2230 12
1391 2209 1428 2239 15

102 2244 192 2283 quod
210 2242 336 2274 Sclziae'tz
450 2252 487 2281 17
512 2253 591 2282 —que
614 2242 694 2274 TE:
717 2254 783 2276 om.
804 2248 867 2275 cett.
976 2255 1015 2283 19
1038 2245 1237 2283 intelligitur
1259 2242 1288 2273 T
1389 2253 1426 2272 21

104 2287 194 2318 enim
212 2298 276 2318 om.
297 2287 326 2318 (ἶ
414 2296 488 2317 sum
511 2285 558 2316 T:
580 2296 653 2317 sum
671 2291 704 2317 te
722 2287 772 2317 M¹
788 2299 794 2318 τ
817 2293 850 2318 te
869 2299 939 2319 sum
954 2292 1020 2319 cett.
1038 2288 1120 2329 (JW)
1225 2298 1266 2326 23
1292 2286 1429 2317 fundum

103 2332 134 2363 ς
274 2340 315 2369 24
341 2330 541 2370 perterritus
557 2329 647 2361 codd.
666 2340 674 2361 t
696 2341 776 2362 corr.
800 2331 902 2363 Orelli
1041 2334 1084 2363 26
1109 2330 1287 2372 ponamus]
1306 2332 1430 2370 poteri-

106 2385 178 2405 mus
200 2373 230 2405 T
315 2374 364 2414 et]
383 2380 418 2404 ut
440 2373 470 2404 T
