1716 2662
71 456 88 488 5

54 781 90 803 10

56 1105 88 1137 ¹5

53 1436 92 1458 20

417 66 527 105 PRO
558 66 604 106 c.
636 65 875 104 RABIRIO
907 64 1124 103 ORATIO
1273 100 1280 105 ,
1414 74 1437 113 7
1459 80 1498 102 20

110 189 352 228 operamque
401 177 537 214 darent
587 182 627 213 ut
673 174 880 225 imperium
926 174 1061 224 populi
1109 174 1281 212 Romani
1324 174 1436 212 maic-

110 252 267 293 stasque
288 248 591 279 conservaretur.
643 238 848 287 Adhibent
870 238 998 277 omnis
1020 238 1198 277 tribunos
1220 240 1268 289 pl.
1289 247 1440 289 practer

111 307 375 353 Saturninum,
390 312 590 356 praeferes
610 312 761 356 praeter
784 304 988 343 Glauciam
1006 319 1015 351 3
1045 304 1111 354 qui
1133 317 1213 342 rem
1240 304 1438 354 publicam

111 374 256 412 salvam
279 385 363 410 esse
385 372 538 417 vellent,
562 383 670 408 arma
687 383 826 420 capere
847 376 885 408 et
908 382 949 408 se
970 369 1080 419 sequi
1098 369 1245 407 iubent.
1298 370 1440 407 Parent

110 452 273 486 Omnes:
316 452 362 476 ex
395 438 494 475 aede
529 438 679 475 Sancus
710 434 1100 485 armamentariisque
1134 434 1302 485 publicis
1334 448 1441 473 arma

110 505 258 556 populo
300 505 484 541 Romano
524 503 568 541 C.
614 500 743 539 Mario
782 502 944 539 consule
987 500 1246 538 distribuente
1285 501 1438 539 dantur.

111 570 192 608 Hic
223 569 311 615 iam,
344 576 387 606 ut
417 566 596 605 omittam
628 573 766 612 cetera,
793 567 844 604 de
874 573 911 603 te
942 565 1037 615 ipso,
1064 564 1250 612 Labiene,
1281 578 1440 615 quaero.

111 636 214 673 Cum
255 632 486 671 Saturninus
526 630 767 681 Capitolium
808 637 957 668 teneret
999 637 1182 676 armamS,
1223 638 1325 668 esset
1363 643 1441 668 una

111 701 155 739 C.
191 698 366 745 Glaucia,
401 698 445 737 C.
485 696 674 743 Saufeius,
710 696 826 734 etiam
864 696 926 734 ille
956 708 1002 733 ex
1031 695 1293 745 compedibus
1322 704 1442 745 atque

111 765 304 815 ergastulo
354 763 581 809 Gracchus,
635 762 791 808 addam,
843 760 1031 811 quoniam
1080 760 1132 798 ita
1180 760 1247 806 νίς,
1299 761 1441 799 eodem

111 832 159 879 Q.
196 829 427 875 Labienum,
458 834 641 878 patruum
677 834 786 865 tuum
805 841 815 874 3
852 826 891 863 in
927 827 1012 865 foro
1046 833 1177 864 autem
1212 827 1254 865 C.
1292 825 1441 864 Marius

111 904 148 934 et
188 897 230 934 L.
272 893 450 933 Valerius
495 894 659 931 Flaccus
698 894 892 939 consules,
933 899 1022 941 post
1066 898 1231 930 cunctus
1270 899 1439 939 senatus,

111 968 228 1011 atque
267 960 330 998 ille
370 966 528 997 senatus
568 971 685 1008 quem
722 957 839 996 etiam
871 970 940 995 vos
980 957 1064 1007 ipsi,
1101 957 1168 1007 qui
1201 958 1273 995 hos
1314 965 1442 1007 patres

112 1026 355 1076 conscriptos
385 1024 450 1075 qui
477 1037 583 1062 nunc
608 1031 697 1062 sunt
727 1023 763 1061 in
794 1022 978 1061 invidiam
1002 1022 1160 1070 vocatis,
1184 1036 1264 1073 quo
1291 1023 1441 1061 facilius

112 1093 162 1130 de
188 1093 264 1129 hoc
294 1097 432 1129 senatu
460 1090 665 1128 detrahere
692 1088 858 1139 possitis,
885 1090 1045 1126 laudare
1071 1089 1321 1135 consuevistis,
1352 1101 1441 1126 cum

112 1163 292 1207 equester
344 1156 561 1193 Ordo—at
615 1167 784 1204 quorum
838 1154 1027 1203 equitum,
1082 1153 1122 1192 di
1176 1153 1442 1192 immortales!

111 1229 264 1273 patrum
306 1227 527 1259 nostrorum
564 1227 682 1270 atque
723 1219 805 1258 eius
843 1218 992 1266 aetatis,
1035 1219 1101 1269 qui
1142 1226 1225 1256 tum
1260 1232 1442 1269 magnam

111 1294 260 1338 partem
316 1286 370 1325 rei
418 1285 600 1336 publicae
649 1293 768 1335 atque
815 1297 975 1323 omnem
1029 1284 1260 1335 dignitatem
1309 1283 1444 1322 iudici-

112 1367 223 1392 orum
255 1352 603 1400 tenebant‚—cum
646 1364 785 1390 omnes
819 1350 999 1389 omnium
1039 1349 1223 1389 ordinum
1262 1350 1443 1389 homines

111 1418 179 1469 qui
218 1418 257 1456 in
296 1419 420 1456 salute
458 1417 512 1455 rei
553 1416 735 1467 publicae
766 1417 931 1455 salutem
963 1429 1074 1455 suam
1109 1416 1320 1466 repositam
1359 1430 1444 1455 esse

111 1484 398 1523 arbitrabantur
441 1497 548 1522 arma
588 1482 808 1533 cepissent:
858 1482 953 1532 quid
992 1483 1153 1520 tandem
1193 1482 1237 1521 C.
1280 1482 1443 1520 Rabirio

112 1550 337 1589 faciendum
372 1550 472 1588 fuit?
544 1551 606 1588 De
642 1556 680 1587 te
719 1547 819 1598 ipso,
853 1547 1025 1597 inquam,
1064 1546 1250 1594 Labiene,
1282 1560 1438 1597 quaero.

112 1618 215 1655 Cum
250 1617 300 1654 ad
332 1629 438 1654 arma
470 1616 652 1653 consules
688 1628 734 1652 ex
769 1620 926 1651 senatus
965 1614 1146 1651 consulto
1186 1612 1440 1658 vocavissent,

112 1696 202 1720 cum
237 1689 408 1720 armatus
446 1683 502 1719 M.
540 1679 743 1725 Aemilius,
778 1678 960 1729 princeps
999 1685 1168 1725 senatus,
1204 1679 1243 1715 in
1282 1678 1443 1716 comitio

112 1747 362 1794 constitisset,
403 1747 471 1797 qui
514 1759 604 1784 cum
650 1744 799 1795 ingredi
840 1743 901 1781 vix
945 1750 1087 1794 posset,
1130 1756 1210 1781 non
1253 1744 1304 1782 ad
1346 1742 1444 1781 inse-

113 1813 317 1863 quendum
342 1811 414 1851 sibi
440 1811 662 1850 tarditatem
687 1811 835 1861 pedum
857 1810 926 1848 sed
953 1810 1004 1848 ad
1030 1808 1261 1858 fugiendum
1282 1808 1444 1858 impedi-

114 1885 248 1916 mento
279 1879 361 1916 fore
394 1877 568 1927 putabat,
605 1889 695 1914 cum
731 1875 903 1925 denique
934 1876 982 1924 Q.
1020 1875 1207 1913 Scaevola
1240 1874 1443 1912 confectus

113 1941 535 1992 senectute„perditus
575 1941 724 1989 morbo,
763 1954 925 1979 mancus
961 1948 998 1979 et
1034 1939 1220 1979 membris
1259 1939 1443 1978 omnibus

158 2055 177 2076 2
201 2045 359 2076 adhibent
376 2044 474 2085 ss2b²zp
491 2056 497 2075 :
521 2045 722 2076 adhiberent
740 2044 802 2085 (-et
821 2044 910 2083 n¹b¹)
929 2048 995 2075 cett.
1090 2054 1109 2082 3
1135 2048 1312 2082 praetores
1335 2041 1439 2082 suppl.

114 2088 198 2120 Ant.
219 2088 437 2129 Augustinus
558 2098 578 2127 5
601 2089 685 2119 aede
705 2088 835 2119 Sancus
854 2087 1040 2118 Mommsen
1058 2099 1064 2117 1
1091 2088 1154 2117 ede
1171 2088 1221 2117 sui
1240 2096 1344 2116 ancus
1360 2086 1444 2125 Ωῑρτ

115 2133 254 2163 edificiis
272 2132 322 2163 sui
343 2142 446 2162 ancus
463 2143 507 2170 με
541 2132 702 2163 aedificiis
725 2131 909 2171 n²l1¹mt¹1p:
941 2131 1102 2162 aedificiis
1126 2140 1229 2161 ancus
1248 2140 1320 2160 osc:
1352 2129 1443 2159 acdi-

114 2176 177 2207 bus
193 2176 297 2206 sacris
315 2175 374 2205 b²t2
532 2184 569 2214 15
593 2175 730 2206 laudare
747 2175 972 2206 consuevistis
987 2175 1093 2214 suppl.
1113 2172 1197 2214 Lag.
1217 2185 1238 2212 9
1407 2174 1443 2202 16

115 2220 265 2258 equitum
287 2219 332 2252 ed.
359 2219 405 2249 V:
437 2219 586 2257 equitum
606 2219 648 2250 R.
675 2220 740 2260 (ro.
769 2218 875 2258 ubktff)
899 2217 986 2250 codd.
1011 2218 1066 2258 (cf.
1095 2219 1164 2257 ξε)
1192 2217 1354 2256 equitum,
1381 2226 1442 2256 pro

115 2262 274 2303 Phe->gers
426 2272 461 2301 17
487 2268 676 2294 nostrorum
697 2267 745 2302 p:
772 2267 919 2293 nostrum
954 2265 1019 2293 cell.
1120 2261 1176 2300 qui
1196 2286 1202 2292 .
1225 2286 1231 2292 .
1255 2283 1262 2292 .
1278 2260 1441 2291 tenebant

115 2304 325 2337 Lambinus:
349 2316 435 2345 quae
453 2329 460 2336 .
481 2330 487 2337 .
511 2331 518 2338 .
537 2306 675 2337 tenebat
693 2305 781 2338 codd.
942 2315 984 2343 23
1010 2305 1238 2346 vocavissent]
1257 2303 1441 2335 revocavis-

106 2347 192 2381 'sent
206 2355 229 2391 p
246 2361 252 2381 :
277 2354 479 2382 evocassent
495 2349 622 2386 Kayser

1464 1562 1501 1585 21
