1716 2662
487 62 598 101 PRO
629 62 672 100 L.
705 62 923 102 FLACCO
954 62 1171 101 ORATIO
1448 69 1490 110 14
1509 76 1549 109 3²

162 170 298 210 litteris
331 171 528 222 navigarit.
588 173 696 212 Num
730 172 771 212 id
805 172 919 223 igitur
947 173 1078 224 negari
1116 181 1256 224 potest,
1293 173 1403 213 cuius
1435 174 1489 213 rei

163 244 304 275 cuncta
329 237 437 275 testis
459 246 517 276 est
543 238 648 285 Asia,
672 238 856 288 bipertito
885 240 1049 278 classem
1082 238 1329 277 distributam
1358 238 1487 285 fuisse,

162 308 204 339 ut
237 315 316 339 una
349 316 436 352 pars
471 317 586 354 supra
619 305 837 354 Ephesum,
870 305 990 342 altera
1019 303 1118 341 infra
1152 304 1353 353 Ephesum
1387 304 1491 343 navi-

160 369 296 416 garet?
352 369 442 406 Hac
470 370 592 407 classe
618 370 673 407 M.
705 369 878 416 Crassus,
910 369 967 407 vir
992 368 1267 420 amplissimus,
1294 370 1345 408 ab
1374 372 1490 408 Aeno

123 442 140 474 5
161 431 201 469 in
235 432 382 480 Asiam,
417 433 477 472 his
516 434 681 472 navibus
722 435 885 472 Flaccus
920 448 967 473 ex
998 434 1093 473 Asia
1131 434 1170 472 in
1208 435 1488 473 Macedoniam

161 497 364 548 navigavit.
416 499 464 537 In
485 512 564 549 quo
584 499 698 549 igitur
717 499 905 549 praetoris
926 507 984 537 est
1005 499 1206 549 diligentia
1226 499 1489 549 requirenda?

160 562 199 601 in
235 577 399 603 numero
429 565 587 603 navium
620 572 659 603 et
692 564 732 603 in
763 564 1018 615 discriptione
1049 565 1246 615 aequabili
1281 567 1488 616 sumptus?

163 628 382 669 Dimidium
415 630 497 668 eius
531 644 611 680 quo
646 630 859 680 Pompeius
891 638 973 669 erat
1002 644 1094 669 usus
1126 630 1354 681 imperavit3
1391 644 1487 669 num

159 695 287 745 potuit
326 695 510 746 parcius?
568 695 775 746 Discripsit
813 703 945 735 autem
984 696 1193 747 pecuniam
1232 697 1283 735 ad
1322 695 1487 747 Pompei

103 771 142 794 10
160 760 365 808 rationem,
399 775 499 811 quae
531 761 603 799 fuit
640 763 942 800 accommodata
982 763 1023 800 L.
1061 762 1190 800 Sullae
1229 760 1484 812 discriptioni.

161 825 241 874 Qui
271 839 361 864 cum
389 827 430 864 in
455 826 584 865 omnis
614 826 732 865 Asiae
762 826 938 866 civitates
967 840 1038 877 pro
1067 826 1248 877 portione
1277 826 1486 877 pecuniam

159 890 429 942 discripsisset,
453 891 559 930 illam
580 892 771 930 rationem
794 891 834 930 in
859 891 1091 943 imperando
1119 900 1278 943 sumptu
1305 900 1344 931 et
1374 894 1488 931 Pom-

159 956 270 1006 peius
301 964 340 996 et
369 958 531 996 Flaccus
556 966 712 996 secutus
738 965 805 996 est.
866 958 1008 1008 Neque
1037 966 1096 996 est
1126 958 1258 996 adhuc
1286 965 1418 996 tamen
1442 972 1488 996 ea

160 1036 314 1060 summa
353 1024 560 1073 completa.
634 1024 749 1061 ‘Non
790 1024 928 1061 refert.’
985 1024 1117 1070 Vero3
1161 1022 1257 1073 quid
1288 1023 1485 1061 lucretur?
1508 1036 1547 1069 33

103 1098 139 1131 ¹5
161 1088 262 1127 Cum
300 1087 406 1126 enim
437 1101 537 1126 onus
568 1087 780 1138 imperatae
812 1087 1002 1138 pecuniae
1033 1087 1208 1138 suscipit,
1237 1087 1277 1127 id
1306 1089 1415 1138 quod
1444 1096 1485 1127 tu

158 1152 307 1191 crimen
328 1167 412 1192 esse
434 1152 489 1191 vis
517 1154 735 1191 confitetur.
797 1152 876 1202 Qui
906 1152 1021 1203 igitur
1040 1153 1196 1203 probari
1224 1161 1352 1204 potest
1373 1153 1412 1192 in
1440 1167 1486 1192 ea

155 1218 325 1269 pecunia
359 1232 440 1257 non
479 1220 682 1257 referenda
715 1218 864 1257 crimen
897 1218 972 1256 sibi
1010 1218 1139 1269 ipsum
1171 1219 1297 1257 facere
1335 1218 1375 1257 in
1408 1233 1486 1269 qua

157 1283 305 1322 crimen
334 1291 437 1322 esset
466 1285 631 1332 nullum,
660 1283 692 1322 si
723 1285 908 1322 referret?
964 1285 1017 1321 At
1046 1282 1151 1321 enim
1181 1297 1299 1334 negas
1328 1285 1484 1322 fratrem

158 1361 304 1396 meum,
320 1348 387 1398 qui
410 1350 451 1386 L.
472 1350 614 1386 Flacco
635 1348 875 1395 successerit,
893 1348 1102 1399 pecuniam
1123 1349 1242 1386 ullam
1263 1348 1302 1386 in
1320 1348 1484 1398 remiges

100 1425 140 1447 20
159 1412 382 1463 imperasse.
443 1412 642 1463 Equidem
669 1412 779 1452 omni
808 1412 933 1451 fratris
961 1412 1039 1451 mei
1063 1414 1179 1451 laude
1203 1414 1390 1461 delector,
1414 1415 1485 1453 sed

157 1478 242 1516 aliis
274 1478 396 1529 magis
430 1478 670 1529 gravioribus
705 1486 823 1528 atque
858 1477 1082 1516 maioribus.
1140 1478 1262 1516 Aliud
1293 1478 1483 1529 quiddam

158 1543 305 1591 statuit,
331 1543 438 1582 aliud
464 1543 585 1591 vidit3
614 1542 857 1590 existimavit,
890 1556 1143 1592 quocumque
1173 1550 1349 1593 tempore
1377 1543 1485 1582 audi-

157 1617 241 1647 tum
268 1608 365 1658 quid
385 1616 486 1646 esset
507 1609 557 1646 de
583 1607 859 1658 praedonibus,
882 1621 1002 1657 quam
1022 1608 1138 1646 vellet
1164 1607 1296 1646 subito
1319 1609 1483 1647 classem

157 1688 213 1713 se>⁴
236 1682 564 1724 comparaturum.
625 1673 810 1724 Denique
847 1674 924 1712 hoc
962 1673 1111 1723 primus
1147 1674 1262 1711 frater
1300 1686 1410 1712 meus
1443 1673 1483 1712 in

100 1749 137 1781 25
157 1739 252 1778 Asia
271 1739 363 1778 fecit
383 1747 426 1777 ut
449 1741 526 1777 hoc
546 1747 706 1788 sumptu
726 1738 918 1789 remigum
943 1738 1118 1776 civitates
1139 1739 1307 1786 levaret;
1336 1738 1484 1777 crimen

156 1813 288 1844 autem
322 1812 405 1843 tum
436 1803 558 1843 videri
588 1806 687 1843 solet
716 1817 807 1842 cum
835 1803 976 1853 aliquis
1011 1810 1190 1853 sumptus
1220 1802 1386 1840 instituit
1415 1817 1483 1841 eos

156 1870 223 1920 qui
255 1877 371 1908 antea
404 1883 485 1908 non
520 1877 628 1908 erant
662 1868 842 1916 instituti,
873 1882 954 1907 non
984 1882 1074 1906 curn
1104 1881 1306 1907 successor
1335 1867 1484 1918 aliquid

203 1985 216 2005 1
245 1975 277 2005 id
293 1984 356 2004 om.
375 1984 416 2013 χι·
526 1984 544 2003 2
568 1973 725 2012 bipartito
743 1984 767 2012 χ
889 1982 907 2011 4
932 1971 973 2002 ab
993 1970 1092 2002 Aeno
1109 1971 1136 2009 b,
1159 1970 1349 2002 Turnebus:
1375 1971 1485 2003 abeno

158 2022 181 2049 Σ
199 2030 206 2049 1
231 2018 271 2048 ab
289 2028 352 2048 eno
370 2017 425 2056 χς
546 2017 566 2046 6
591 2021 641 2047 est
659 2015 824 2055 praetoris
842 2015 862 2045 l>
1001 2025 1019 2054 7
1045 2020 1077 2045 et
1095 2015 1146 2055 in]
1167 2019 1199 2044 et
1219 2014 1250 2043 Β
1359 2015 1483 2045 descri-

157 2062 272 2101 ptione
289 2060 376 2091 codd.
394 2071 400 2090 τ
434 2070 511 2091 corr.
532 2059 663 2099 Kayser
691 2062 736 2090 ita
761 2059 852 2099 mox)
964 2058 1132 2096 aequabili
1158 2057 1235 2088 Σύῑε
1269 2058 1398 2096 aequali
1416 2061 1480 2089 cett.

162 2116 172 2135 1
185 2116 195 2134 1
225 2105 259 2135 in
276 2104 383 2144 suppl.
396 2103 583 2134 Lambinus
671 2103 847 2143 pecuniam
862 2102 1065 2133 Lambinus:
1091 2102 1125 2131 in
1143 2101 1331 2140 provincias
1350 2102 1411 2137 ·„-ia
1429 2103 1481 2140 χε)

157 2148 246 2179 coda.
269 2147 443 2188 (mendum
461 2146 671 2187 διττογραψίᾳ
688 2150 799 2177 ortum
816 2145 892 2178 vid..
913 2146 950 2185 qs.
973 2150 986 2182 ,5
1006 2146 1064 2184 87)
1201 2155 1234 2182 ¹4
1262 2144 1373 2174 refert.
1393 2144 1482 2174 Vero

157 2192 269 2222 Baiter
285 2202 291 2221 :
319 2191 421 2221 refert
438 2201 518 2220 vcro
538 2191 633 2231 (vere
652 2190 707 2221 ΣΙ)ι
723 2201 728 2221 :
755 2200 835 2227 crgo
853 2189 885 2218 B
914 2188 999 2219 codd.
1092 2187 1188 2227 quid]
1215 2188 1292 2226 quid
1311 2193 1345 2216 ut
1363 2187 1486 2218 Mziller

160 2245 195 2273 ¹5
220 2246 305 2266 onus
334 2235 398 2265 Σὸι
427 2245 534 2273 genus
558 2235 612 2272 χς
762 2235 799 2263 16
825 2233 857 2262 in
887 2243 951 2262 om.
971 2231 1026 2262 Σὸῑ
1132 2242 1170 2260 ca
1189 2230 1298 2269 Βχςτ
1321 2230 1382 2261 hac
1403 2231 1479 2270 (hcc

156 2278 207 2318 ΣΕ
229 2279 272 2308 §b
405 2288 446 2308 20
470 2278 559 2308 omni
578 2277 720 2308 Mic'llcr:
747 2276 787 2316 Q.
806 2275 892 2307 codd.
914 2275 1082 2316 (laudibus
1102 2273 1242 2314 Ocllt'ug)
