1716 2662
395 71 504 109 PRO
536 72 577 108 Γ.
609 70 890 118 QVINCTIO
920 71 1139 109 ORATIO
1388 80 1432 116 31
1451 85 1492 117 95

107 184 302 222 dedecore
320 197 330 231 3
359 184 556 220 funestum
584 189 640 220 est
667 195 690 219 a
718 181 805 219 forti
825 188 944 231 atque
964 182 1134 220 honesto
1155 181 1236 219 viro
1257 180 1430 230 iugulari,

107 247 298 286 funestius
327 248 378 286 ab
411 261 459 286 eo
490 246 600 285 cuius
632 260 706 285 vox
737 247 775 284 in
805 246 1017 297 praeconio
1046 255 1210 296 quaestu
1241 245 1435 296 prostitit;

107 312 313 362 indignum
343 320 402 351 est
435 327 458 351 a
487 311 569 362 pari
602 311 706 350 vinci
735 319 802 350 aut
831 311 1041 361 superiore,
1073 310 1271 360 indignius
1299 311 1351 349 ab
1380 309 1435 348 in-

108 378 246 416 feriore
275 386 395 428 atque
428 377 664 425 humiliore3
703 378 928 415 luctuosum
968 384 1026 415 est
1065 375 1164 414 tradi
1201 375 1312 414 alteri
1343 389 1433 414 cum

69 442 237 490 5bonis,
274 443 491 480 luctuosius
539 441 732 490 inimico3
779 441 965 480 horribile
1002 448 1061 480 est
1100 454 1258 479 causam
1297 440 1434 491 capitis

107 507 249 555 dicere,
271 507 494 546 horribilius
519 508 647 557 priore
672 508 762 545 loco
787 506 927 545 dicere.
988 506 1135 545 Omnia
1160 505 1435 556 circumspexit
1453 515 1495 557 96

108 572 330 622 Quinctius,
354 572 488 611 onmia
508 571 748 622 periclitatus
769 579 838 619 est,
863 573 907 611 C.
930 571 1065 621 Aquili
1082 586 1093 619 3
1113 584 1193 609 non
1215 579 1434 621 praetorem

109 639 231 677 modo
249 651 271 676 a
292 651 373 688 quo
392 637 451 675 ius
472 637 698 687 impetraret
726 636 901 675 invenire
931 649 1006 674 noll
1035 636 1174 686 potuit,
1196 644 1314 686 atque
1333 638 1436 675 adeo

108 717 158 742 ne
188 704 295 742 unde
325 703 513 741 arbitratu
545 701 706 752 quidem
741 715 814 740 suo
847 703 1072 752 postularet,
1105 702 1175 739 sed
1205 715 1255 739 ne
1287 701 1436 739 amicos

53 783 90 805 10
109 769 270 819 quidem
301 770 385 807 Sex.
414 767 552 814 Naevi,
578 781 748 817 quorum
775 781 892 817 saepe
922 774 960 805 et
989 767 1058 805 diu
1086 768 1138 805 ad
1167 768 1288 817 pedes
1318 765 1436 804 iacuit

109 842 251 873 stratus
281 834 491 872 obsecrans
522 846 591 883 per
622 833 718 871 deos
748 832 990 878 immortalis,
1021 839 1064 869 ut
1091 839 1160 869 aut
1189 845 1322 870 secum
1354 831 1436 870 iure

108 900 394 937 contenderent
419 906 486 936 aut
513 897 693 936 iniuriam
722 898 806 936 sine
833 897 1048 948 ignominia
1075 896 1149 935 sibi
1174 896 1433 947 imponerent.

111 964 294 1014 Denique
321 963 442 1014 ipsius
463 963 612 1001 inimici
631 965 781 1002 voltum
810 962 1134 1012 superbissimum
1163 961 1291 1009 subiit,
1315 961 1435 1012 ipsius
1454 969 1497 1006 97

109 1030 194 1067 Sex.
227 1028 352 1067 Naevi
383 1028 590 1067 lacrimans
621 1042 782 1066 manum
812 1027 1021 1077 prehendit
1055 1026 1095 1064 in
1125 1026 1435 1077 propinquorum

53 1106 88 1137 15
110 1093 224 1132 bonis
258 1093 549 1144 proscribendis
579 1093 841 1140 exercitatam,
873 1091 1094 1130 obsecravit
1123 1105 1191 1141 per
1220 1091 1344 1130 fratris
1375 1090 1435 1130 sui

111 1159 253 1197 mortui
272 1159 455 1205 cinerem,
486 1172 554 1209 per
582 1172 729 1197 nomen
760 1156 1074 1208 propinquitatis,
1101 1169 1170 1206 per
1198 1155 1319 1207 ipsius
1346 1170 1437 1196 con-

109 1224 238 1275 iugem
269 1231 307 1262 et
336 1223 490 1270 liberos,
517 1223 662 1273 quibus
687 1223 847 1273 propior
868 1225 909 1260 P.
935 1221 1123 1271 Quinctio
1150 1235 1270 1261 nemo
1297 1230 1366 1269 est,
1394 1230 1437 1261 ut

108 1289 322 1340 aliquando
353 1287 659 1326 misericordiam
693 1295 860 1337 caperet,
891 1287 1074 1337 aliquam,
1108 1286 1139 1325 si
1170 1300 1252 1325 non
1282 1286 1438 1338 propin-

110 1353 279 1404 quitatis,
319 1361 358 1391 at
395 1352 534 1391 aetatis
568 1366 672 1400 suae,
706 1352 737 1390 si
772 1366 852 1390 non
892 1352 1074 1399 hominis,
1110 1360 1149 1390 at
1183 1352 1437 1391 humanitatis

52 1434 92 1456 20
110 1419 300 1457 rationem
318 1419 490 1465 haberet,
509 1426 551 1456 ut
567 1432 700 1456 secum
717 1417 867 1468 aliquid
883 1417 1031 1468 integra
1047 1431 1116 1456 sua
1130 1418 1233 1456 fama
1248 1417 1434 1468 qualibet,

110 1486 205 1523 dum
234 1485 355 1522 modo
382 1483 585 1530 tolerabili,
612 1483 851 1522 condicione
880 1482 1117 1532 transigeret.
1177 1482 1241 1520 Ab
1270 1481 1356 1532 ipso
1383 1496 1436 1521 re·
1456 1490 1496 1530 9S

109 1549 303 1600 pudiatus,
322 1549 372 1587 ab
387 1549 523 1587 amicis
540 1549 623 1587 eius
645 1563 725 1587 non
747 1549 982 1596 sublevatus,
1006 1549 1056 1586 ab
1077 1547 1186 1586 omni
1209 1547 1435 1598 magistratu

107 1615 273 1665 agitatus
304 1623 422 1664 atque
453 1613 688 1664 perterritus,
723 1627 843 1663 quem
872 1622 1023 1663 praeter
1051 1621 1090 1652 te
1118 1615 1289 1663 appellet
1316 1613 1436 1651 habet

109 1679 336 1727 neminem3
366 1678 437 1717 tibi
464 1692 516 1725 se,
546 1678 617 1716 tibi
647 1692 735 1716 suas
765 1679 894 1716 omnis
924 1692 1019 1728 opes
1048 1679 1303 1728 fortunasque
1331 1691 1436 1716 com-

52 1759 89 1790 ²5
112 1746 282 1791 mendat,
320 1743 391 1782 tibi
421 1743 632 1782 committit
662 1743 990 1782 existimationem
1029 1757 1075 1781 ac
1113 1756 1225 1793 spem
1264 1742 1436 1793 reliquae

109 1809 220 1850 vitae.
282 1809 420 1847 Multis
440 1817 600 1848 vexatus
622 1809 881 1855 contumeliis,
904 1808 1080 1859 plurimis
1102 1808 1266 1847 iactatus
1286 1808 1436 1848 iniuriis

109 1888 189 1913 non
217 1874 338 1924 turpis
367 1875 418 1912 ad
449 1882 486 1912 te
517 1875 586 1913 sed
615 1874 731 1913 miser
757 1874 958 1924 confugit;
986 1888 1008 1913 e
1032 1875 1157 1913 fundo
1186 1875 1436 1914 ornatissimo

109 1939 267 1986 eiectus,
305 1938 528 1988 ignominiis
561 1939 746 1977 omnibus
784 1939 992 1989 appetitus,
1027 1953 1118 1977 cum
1150 1938 1260 1978 illum
1293 1940 1334 1978 in
1371 1954 1437 1990 pa-

110 2003 228 2042 ternis
273 2003 388 2042 bonis
422 2003 617 2042 dominari
656 2004 815 2049 videret,
856 2004 938 2054 ipse
984 2004 1086 2044 filiae
1134 2005 1259 2044 nubili
1299 2007 1436 2044 dotem

52 2082 93 2113 30
111 2069 305 2107 conficere
333 2081 414 2107 non
448 2075 592 2118 posset,
622 2068 721 2106 nihil
754 2068 927 2107 alienum
962 2076 1095 2108 tamen
1125 2069 1205 2108 vita
1237 2070 1437 2120 superiore

111 2141 317 2172 commisit.

154 2247 173 2267 2
198 2247 263 2266 vox
280 2235 375 2267 cuius
393 2239 417 2267 Σ
601 2242 737 2276 quaestu
757 2238 905 2277 prostitit
923 2241 946 2269 Σ
962 2249 969 2268 :
993 2242 1167 2277 quaestum
1185 2238 1351 2277 praestitit
1368 2242 1433 2270 cett.

26 2299 43 2312 ,ι
111 2290 131 2319 3
156 2285 213 2311 aut
231 2280 306 2318 X‘i‘:
331 2284 422 2310 anta
440 2282 463 2310 Σ
481 2290 489 2310 t
512 2284 610 2320 atque
630 2283 712 2320 [om.
732 2281 780 2320 12¹)
799 2281 832 2311 B
931 2291 948 2320 7
973 2286 1129 2321 praetore
1146 2281 1178 2312 Β
1196 2292 1203 2312 :
1228 2286 1364 2320 praetor
1378 2282 1436 2322 Βχ

112 2325 132 2354 8
157 2334 223 2354 non
242 2324 262 2353 k
279 2334 285 2353 :
309 2334 374 2355 om.
391 2326 457 2354 cett.
568 2334 607 2363 19
630 2330 664 2355 at
680 2324 820 2366 aetatis]
840 2330 874 2356 et
891 2325 1011 2356 aetatis
1029 2329 1052 2357 Σ
1142 2326 1184 2356 28
1208 2325 1338 2356 eiectus
1353 2325 1410 2364 bx¹
1428 2336 1437 2357 t

113 2367 264 2398 deiectus
283 2371 348 2398 cett.
427 2367 461 2397 in
479 2365 556 2400 EB:
583 2368 616 2398 in
633 2368 703 2399 suis
717 2371 783 2400 cett.
874 2378 917 2408 29
938 2368 1042 2400 nobili
1061 2371 1086 2401 Σ
1185 2379 1228 2408 3ο
1252 2374 1368 2409 posset
1384 2369 1437 2401 ’ῖς

113 2410 223 2450 possit
239 2414 304 2441 cett.
