1716 2662
71 445 87 477 5

400 62 510 100 PRO
543 62 583 97 l’.
616 61 896 108 QVINCTIO
928 61 1144 99 ORATIO
1411 70 1492 108 519

109 187 200 213 nem
220 174 417 220 venderet,
447 172 599 212 domini
628 172 734 211 iussu
765 172 966 223 quippiam
997 171 1249 223 promisisset.
1311 172 1436 211 Desti-
1458 184 1497 206 :0

110 237 260 277 tutione
299 238 364 277 illa
402 239 603 289 perculsus
641 236 852 286 Quinctius
890 250 913 275 a
952 236 1128 287 Scapulis
1167 251 1314 287 paucos
1353 237 1436 276 dics

108 303 242 349 aufert,
266 302 305 341 in
336 302 503 341 Galliam
534 301 652 340 mittit
681 309 723 341 ut
753 315 798 340 ea
828 314 929 351 quae
949 301 1228 352 proscripserat
1248 302 1434 349 venirent,

109 367 302 406 deteriore
332 375 509 418 tempore
537 367 680 405 absens
710 365 968 414 auctionatur,
1008 366 1186 417 Scapulis
1221 367 1436 406 difficiliore

109 432 346 472 condicione
390 432 580 472 dissolvit.
654 434 759 470 Tum
798 433 969 482 appellat
1007 434 1108 470 ultro
1149 432 1341 471 Naevium
1381 440 1435 480 ut,

108 497 297 548 quoniam
336 497 598 549 suspicaretur
643 497 775 547 aliqua
813 499 862 536 de
902 511 942 535 re
990 498 1071 536 fore
1119 498 1435 545 controversiam,

107 562 257 602 videret
290 571 332 602 ut
367 577 485 614 quam
517 562 686 613 primum
719 570 757 600 et
789 576 907 612 quam
943 561 1106 600 minima
1138 576 1227 600 cum
1260 562 1439 601 molestia

108 636 191 668 tota
209 642 269 667 res
289 627 573 678 transigeretur.
633 630 711 665 Dat
732 627 804 665 iste
823 627 995 665 amicum
1014 629 1070 665 M.
1089 627 1341 674 Trebellium,
1366 642 1438 666 nos
1461 642 1493 664 21

109 707 365 733 communem
396 692 672 739 necessarium,
707 692 774 742 qui
806 691 914 730 istius
948 691 1057 730 domi
1091 700 1171 731 erat
1202 694 1368 731 eductus
1400 700 1438 730 et

52 770 90 792 ¹0
108 773 188 810 quo
224 760 406 798 utebatur
444 758 515 797 iste
553 758 776 809 plurimum,
819 758 1083 808 propinquum
1120 766 1310 805 nostrum,
1351 760 1436 796 Sex.

52 1097 87 1129 ¹5

50 1427 90 1449 20

50 2078 90 2109 30

107 825 305 862 Alfenum.
366 826 446 863 Res
487 823 697 862 convenire
737 824 846 861 nullo
882 824 1002 862 modo
1035 831 1196 873 poterat,
1234 831 1439 873 propterea

107 890 215 940 quod
236 889 300 927 hic
320 889 560 927 mediocrem
582 888 770 926 iacturam
792 889 917 927 facere
939 888 1133 938 cupiebat,
1157 888 1229 926 iste
1250 887 1435 926 mediocri

107 955 252 1005 praeda
272 961 481 992 contentus
503 967 583 992 non
605 961 696 992 erat.
758 955 898 1003 Itaque
926 968 971 991 ex
1000 967 1047 991 eo
1076 961 1251 1003 tempore
1272 967 1331 991 res
1352 966 1437 991 csse
1458 968 1495 990 2:

108 1019 146 1058 in
168 1018 436 1058 vadimonium
459 1018 598 1069 coepit.
660 1021 762 1058 Cum
780 1018 1007 1057 vadimonia
1029 1032 1145 1068 saepe
1167 1020 1287 1057 dilata
1306 1025 1437 1057 essent

107 1093 143 1123 et
174 1098 265 1122 cum
299 1084 544 1134 aliquantum
580 1084 768 1134 temporis
798 1082 838 1122 in
872 1098 917 1122 ea
952 1098 991 1122 re
1023 1091 1125 1122 esset
1158 1091 1437 1133 consumptum

107 1164 236 1200 neque
270 1149 483 1199 quicquam
524 1150 743 1199 profectum
785 1156 902 1196 esset,
932 1150 1039 1188 venit
1079 1150 1130 1187 ad
1169 1148 1438 1187 vadimonium

108 1215 291 1255 Naevius.

161 1281 350 1329 Obsecro,
374 1283 420 1320 C.
439 1280 573 1331 Aquili
593 1295 742 1331 vosque
763 1280 829 1331 qui
851 1280 995 1319 adestis
1018 1280 1056 1319 in
1085 1280 1265 1327 consilio,
1286 1288 1327 1318 ut
1357 1279 1438 1318 dili·
1458 1280 1486 1317 6

107 1354 242 1397 genter
261 1346 482 1394 attendatis,
506 1354 548 1384 ut
569 1346 762 1396 singulare
790 1360 911 1393 uenus
934 1346 1079 1384 fraudis
1100 1353 1137 1384 ct
1160 1359 1301 1383 novam
1324 1345 1437 1383 ratio-

108 1425 199 1450 nem
230 1411 457 1449 insidiarum
487 1425 724 1461 cognoscere
756 1411 922 1461 possiti&
996 1411 1062 1449 Ait
1095 1425 1135 1449 se
1168 1410 1436 1448 auctionatum
1461 1425 1499 1455 23

108 1490 193 1515 esse
219 1476 259 1514 in
287 1476 442 1520 Gallia:
471 1477 578 1526 quod
609 1475 680 1514 sibi
712 1476 908 1514 videretur
932 1490 973 1514 se
1000 1475 1249 1523 vcndidisseg
1283 1489 1438 1514 curasse

108 1555 158 1580 ne
177 1541 273 1592 quid
294 1541 367 1580 sibi
389 1541 554 1580 societas
575 1541 735 1580 deberet
754 1556 760 1587 ;
791 1556 831 1579 se
860 1541 935 1579 iam
964 1555 1092 1591 neque
1114 1540 1244 1580 vadari
1271 1540 1438 1591 amplius

108 1621 237 1658 neque
267 1607 536 1646 vadimonium
571 1606 825 1657 prornitter03
855 1606 885 1644 si
915 1606 1011 1656 quid
1041 1620 1154 1656 agere
1184 1619 1318 1644 secum
1348 1605 1439 1644 velit

109 1671 330 1721 Quinctius,
352 1686 432 1711 non
453 1686 641 1711 recusare.
702 1672 782 1710 Hic
804 1685 893 1710 cum
916 1686 996 1710 rem
1019 1671 1263 1711 Gallicanam
1281 1678 1440 1721 cuperet

109 1738 283 1785 revisere,
308 1738 509 1777 hominem
532 1737 570 1775 in
598 1737 816 1788 praesentia
842 1752 920 1775 non
943 1739 1131 1785 vadatum
1161 1737 1213 1775 ita
1233 1737 1316 1775 sine
1338 1736 1440 1775 vadi-

110 1803 244 1843 monio
265 1803 488 1842 disceditur.
554 1803 710 1841 Deinde
731 1805 884 1842 Romae
907 1803 989 1841 dies
1013 1815 1099 1840 xxx
1129 1804 1207 1841 sere
1229 1801 1439 1851 Quinctius

108 1877 400 1917 commoratum
429 1882 519 1906 cum
549 1868 686 1907 ceteris
717 1882 818 1918 quac
848 1869 1019 1906 habebut
1056 1867 1280 1906 vadimonia
1312 1867 1439 1905 differt

109 1942 151 1972 ut
190 1934 394 1984 expeditus
434 1933 473 1971 in
517 1935 684 1972 Galliam
732 1933 925 1984 proficisci
967 1942 1099 1983 posset
1120 1948 1126 1979 ;
1168 1932 1433 1983 proficiscitur.

110 2001 241 2038 Roma
265 1998 460 2049 egreditur
482 2007 573 2037 ante
598 1999 703 2037 diem
726 2010 754 2036 11
780 2000 948 2037 Kalend.
976 1998 1203 2037 Februarias
1227 1997 1435 2046 Quinctius
1458 2011 1497 2040 24

110 2064 293 2114 Scipione
312 2071 350 2102 et
370 2064 561 2102 Norbano
582 2078 680 2102 coss.
743 2066 903 2112 Quaeso
925 2071 966 2101 ut
987 2077 1076 2102 cum
1099 2063 1203 2101 diem
1226 2062 1436 2100 memoriae

154 2179 172 2207 5
198 2174 275 2199 tunc
293 2168 322 2199 (ἶ
433 2170 452 2199 8
478 2179 533 2199 rcs
550 2169 795 2207 transigeretur
812 2173 879 2199 tota
898 2168 925 2197 ὁ]
1020 2168 1098 2207 nos]
1119 2172 1267 2198 nostrum
1288 2170 1310 2196 Σ
1418 2177 1438 2203 9

110 2213 250 2243 eductus
267 2213 344 2251 Βχῑ
378 2213 540 2243 educatus
558 2216 621 2243 cell.
644 2213 695 2251 ¹1]ss
720 2216 734 2250 ξ
754 2214 796 2251 69
932 2223 962 2250 η
993 2212 1022 2242 in
1042 2211 1234 2242 vadimonio
1250 2210 1282 2240 B
1403 2212 1438 2238 16

110 2256 294 2294 perfectum
313 2256 390 2286 Par.
414 2257 461 2295 16,
480 2257 552 2294 2¹26,
572 2255 746 2286 Holenam
881 2266 921 2286 ρο
946 2267 981 2286 sc
998 2261 1084 2286 auct.
1104 2266 1181 2286 esse
1198 2258 1247 2293 Σχ
1264 2266 1269 2284 ;
1295 2259 1380 2284 auct.
1402 2265 1437 2281 sc

110 2310 184 2329 csse
201 2298 218 2326 l)
235 2311 239 2329 :
262 2309 339 2329 esse
358 2310 393 2329 se
412 2306 498 2330 auct.
520 2299 549 2329 ς
692 2300 733 2328 28
761 2304 874 2337 posset
894 2300 949 2338 By
968 2310 974 2329 :
999 2301 1105 2338 possit
1122 2302 1185 2329 cell.
1346 2308 1387 2335 :9
1413 2306 1436 2326 11

70 2376 73 2380 ,
111 2342 282 2372 Hotoman
302 2343 348 2382 ss.
367 2345 449 2382 §57‘
469 2354 474 2372 2
500 2352 534 2372 iv
552 2339 641 2373 codd.
720 2354 762 2381 30
780 2342 938 2381 §cipione
951 2342 996 2373 15:
1022 2342 1189 2382 spricione
1204 2342 1300 2382 xspic.
1316 2344 1350 2379 §j
1373 2343 1436 2370 cell.
