1716 2662
449 85 558 124 PRO
590 86 634 123 L.
666 84 884 124 FLACCO
914 85 1131 124 ORATIO
1408 93 1451 122 12

124 194 284 246 regione
303 204 422 246 atque
442 196 642 247 provincia
661 209 763 247 quae
785 195 880 234 mari
901 196 1041 244 cincta,
1058 195 1236 247 portibus
1256 195 1451 242 distincta,

125 258 263 300 insulis
293 262 536 300 circumdata
574 269 686 310 esset,
731 271 813 300 non
854 263 981 300 solum
1020 261 1188 313 praesidi
1227 262 1298 301 sed
1336 261 1452 300 etiarn

125 325 292 365 ornandi
313 325 448 377 imperi
471 341 589 367 causa
612 326 877 378 navigandum
898 326 1027 365 fuisse.
1089 329 1203 366 Haec
1231 325 1335 365 enim
1357 326 1454 365 ratio

125 405 172 430 ac
196 391 428 442 magnitudo
454 392 677 432 animorum
704 392 743 430 in
772 391 986 431 maioribus
1015 392 1157 430 nostris
1188 391 1259 430 fuit
1286 399 1339 440 ut,
1363 405 1454 430 cum

91 470 108 502 5
127 455 167 495 in
187 456 345 507 privatis
365 457 480 496 rebus
501 457 660 509 suisque
682 458 904 508 sumptibus
931 456 1095 496 mininio
1116 457 1290 496 contenti
1314 457 1457 496 tenuis-

127 521 228 561 simo
255 524 362 561 cultu
390 522 574 570 viverent,
602 523 641 562 in
671 522 835 574 imperio
862 531 981 574 atque
1012 523 1051 562 in
1082 523 1240 574 publica
1266 523 1456 573 dignitate

127 587 261 626 omnia
293 589 344 627 ad
381 588 543 639 gloriani
583 590 916 639 splendoremque
949 596 1187 627 revocarent.
1247 588 1458 638 Quaeritur

127 652 232 691 enim
266 652 304 691 in
334 667 374 692 re
404 654 622 693 domestica
650 654 918 693 continentiae
952 655 1047 702 laus,
1079 654 1118 693 in
1148 654 1307 706 publica
1336 654 1458 705 digni-

128 719 228 756 tatis.
299 719 419 767 Quod
453 718 483 757 si
509 718 627 758 etiam
658 719 826 770 praesidi
852 734 970 759 causa
999 721 1164 759 classem
1192 719 1340 768 habuit,
1370 719 1457 770 quis

71 799 110 822 10
128 783 199 822 erit
215 791 294 822 tam
316 784 472 834 iniquus
493 784 559 835 qui
580 786 871 835 reprehendat?
931 785 1061 824 ‘Nulli
1083 793 1192 825 erant
1212 787 1457 836 praedones.'

129 848 268 897 Quid?
296 850 424 887 nullos
446 851 526 888 sore
546 849 633 900 quis
653 858 848 901 praestare
868 853 1049 902 poterat?
1096 854 1105 871 ‘
1122 851 1296 898 Minuisss
1316 851 1454 902 inquit,

131 912 313 963 ‘gloriam
346 913 535 964 I'ompei.'
593 916 724 954 Immo
749 923 789 953 tu
817 929 935 966 auges
964 916 1196 955 molestiam.
1257 918 1328 955 Ille
1349 916 1454 955 enim

127 978 261 1017 classis
282 979 537 1029 praedonum,
559 979 677 1027 urbis,
700 988 845 1030 portua
868 983 1113 1031 receptacula
1128 981 1294 1029 sustulit,
1318 995 1456 1032 pacem

128 1043 362 1082 maritimam
392 1058 546 1083 summa
575 1044 715 1084 virtute
743 1053 862 1096 atque
890 1045 1110 1085 incredibili
1141 1046 1338 1086 celeritate
1367 1061 1459 1086 con-

74 1121 108 1154 15
128 1108 244 1157 fecit3
281 1108 377 1148 illud
411 1124 502 1148 vero
540 1124 670 1161 neque
708 1111 880 1161 suscepit
919 1126 1048 1162 neque
1087 1111 1284 1162 suscipere
1319 1111 1457 1151 debuit

128 1182 182 1222 ut,
221 1174 253 1214 si
292 1189 370 1226 qua
408 1175 560 1226 uspiam
599 1176 779 1215 navicula
818 1178 1062 1227 praedonum
1102 1177 1356 1228 apparuisset,
1397 1191 1458 1216 ac-

128 1241 327 1279 cusandus
351 1241 556 1280 videretur.
616 1243 756 1292 Itaque
785 1241 869 1293 ipse
896 1242 934 1281 in
967 1242 1072 1290 Asia,
1095 1257 1185 1282 cum
1217 1243 1350 1281 onmia
1381 1244 1456 1281 iarn

130 1306 233 1345 bella
259 1313 358 1344 terra
387 1306 563 1357 marique
590 1306 836 1355 confecisset,
868 1309 1033 1346 classem
1062 1315 1193 1347 tamen
1223 1307 1348 1347 isdem
1376 1307 1458 1346 istis

130 1371 353 1410 civitatibus
381 1371 596 1422 imperavit.
656 1373 777 1421 Quod
805 1372 834 1410 si
861 1380 943 1411 tum
969 1373 1103 1411 statuit
1127 1387 1226 1424 opus
1255 1388 1340 1413 esse
1367 1387 1457 1412 cum

72 1451 114 1475 20
132 1436 253 1487 ipsius
273 1437 487 1486 praesentis
508 1436 669 1476 nomine
690 1444 773 1475 tuta
793 1436 926 1476 omnia
946 1445 984 1476 et
1005 1446 1142 1488 pacata
1162 1451 1246 1477 esse
1267 1446 1458 1489 poterant,

131 1501 239 1552 quid,
262 1515 350 1540 curn
380 1501 443 1541 ille
463 1501 706 1549 decessisset,
731 1503 872 1541 Flacco
897 1502 1123 1541 existimatis
1144 1505 1394 1542 statuendum
1421 1512 1459 1541 et

132 1640 291 1672 auctore
321 1633 453 1672 Silano
477 1641 515 1671 et
537 1634 706 1671 Murena
731 1632 960 1671 consulibus
988 1633 1232 1672 decrevimus
1258 1642 1299 1672 ut
1326 1633 1460 1675 classis

134 1696 174 1736 in
196 1697 310 1736 Italia
335 1698 562 1748 navigaret?
591 1711 725 1736 nonne
745 1710 794 1736 eo
814 1696 900 1747 ipso
921 1705 1098 1749 tempore
1118 1712 1208 1736 cum
1232 1700 1273 1736 L.
1298 1699 1462 1737 Flaccus

74 1775 113 1808 ²5
136 1761 175 1801 in
210 1762 305 1801 Asia
338 1763 503 1814 remiges
535 1762 763 1814 imperabat,
795 1776 868 1801 nos
902 1762 966 1801 hic
1000 1762 1039 1801 in
1070 1774 1176 1802 mare
1204 1771 1463 1814 superum‘et

134 1827 300 1867 inferum
322 1829 541 1867 sestertium
562 1836 619 1867 ter
639 1837 677 1867 et
697 1828 957 1878 quadragiens
982 1829 1268 1878 erogabamus?
1325 1828 1464 1878 Quid?

134 1902 290 1943 postero
317 1908 423 1933 anno
448 1908 580 1933 nonne
612 1895 668 1932 M.
699 1893 836 1933 Curtio
864 1901 901 1932 et
931 1896 971 1931 P.
999 1894 1159 1932 Sextilio
1188 1894 1462 1944 quaestoribus

134 1958 300 2008 pecunia
321 1958 359 1997 in
381 1960 545 1997 classem
566 1966 625 1997 est
649 1961 834 2009 erogata?
891 1958 1029 2007 Quid?
1059 1959 1134 1997 hoc
1155 1958 1264 1997 omni
1285 1966 1462 2010 tempore

133 2022 284 2072 equites
313 2022 351 2061 in
376 2037 443 2062 ora
465 2022 656 2061 maritima
684 2037 764 2062 non
792 2024 976 2062 suerunt?
1035 2025 1106 2062 Illa
1134 2023 1239 2062 enini
1261 2032 1318 2062 est
1342 2022 1463 2074 gloria

182 2144 193 2164 ι
223 2133 384 2173 portubus
401 2132 450 2163 c²k
614 2135 635 2163 6
659 2133 766 2174 cultu]
785 2139 918 2173 sumptu
936 2134 992 2174 Βχ
1113 2140 1211 2175 atquc
1230 2134 1279 2175 in]
1301 2139 1401 2173 atque
1420 2133 1464 2163 ΣΙε

136 2180 250 2216 (atque
284 2177 315 2207 in
353 2186 389 2206 re
424 2187 454 2216 p.
490 2176 530 2207 ad
565 2176 758 2216 dignitatem
797 2178 908 2208 omnia
949 2179 1234 2219 splendoremque
1267 2182 1463 2208 revocarent

136 2219 289 2260 hladvrg)
424 2229 464 2259 23
489 2220 621 2259 syllano
643 2220 736 2258 {sill-{i
756 2220 842 2250 codd.
862 2232 867 2250 :
893 2232 971 2251 corr.
991 2222 1167 2253 Manutius
1267 2232 1304 2260 24
1335 2220 1462 2252 ltaliam

136 2262 168 2292 Β
278 2265 320 2294 26
344 2262 544 2301 rogabamus
563 2262 650 2294 codd.
671 2274 677 2294 :
702 2274 779 2293 corr.
795 2263 972 2295 Manutius
1091 2276 1130 2305 27
1155 2271 1294 2306 postero
1313 2264 1395 2304 Lag.
1414 2274 1462 2303 13,

106 2347 109 2349 -
136 2304 327 2348 Naugerius
345 2308 393 2347 (2)
413 2317 419 2337 τ
444 2313 615 2347 postremo
636 2307 764 2347 <priore
786 2305 830 2349 bl)
850 2311 914 2340 cett.
1009 2308 1168 2341 Scstullio
1186 2313 1209 2340 Σ
1348 2318 1390 2348 29
1413 2311 1464 2339 est

136 2360 226 2381 enim
243 2361 285 2391 χε

1473 95 1510 131 ²7

1477 332 1516 362 28

1478 928 1517 961 ²9

131 1566 355 1606 faciendum
395 1567 543 1606 fuisse?
600 1566 739 1616 Quid?
781 1581 853 1606 nos
887 1567 951 1606 hic
983 1582 1116 1607 nonne
1147 1568 1232 1619 ipso
1267 1568 1460 1619 Pompeio
1478 1545 1521 1626 123
