1747 2620
181 75 238 114 40
261 83 318 106 102
625 70 682 108 M.
713 70 881 108 TVLLI
914 70 1220 110 CICERONIS

176 166 237 249 ἐξ
256 194 428 231 possum.
488 182 525 222 O
555 195 632 220 nox
660 181 723 221 illa
748 196 866 233 quam
892 182 963 222 iste
993 191 1051 222 est
1078 183 1162 223 dies
1191 192 1438 233 consecutus,
1462 186 1587 225 fausta

219 238 237 257 '³
256 247 347 286 huic
368 246 466 294 urbi,
491 246 675 286 miserum
705 262 779 296 me,
803 256 937 287 metuo
964 263 1013 288 ne
1034 251 1188 288 funesta
1209 250 1346 290 nobis!
1395 251 1475 300 Qui
1503 259 1587 290 tum

255 311 409 351 animus
438 314 482 350 L.
506 312 784 351 Flacci—nihil
817 313 947 352 dicam
977 314 1083 353 enim
1114 316 1164 354 de
1194 315 1381 366 ine—qui
1408 330 1519 355 amor
1547 316 1586 355 in

254 376 431 428 patriam,
462 391 563 428 quae
597 377 728 426 virtus,
760 392 862 429 quae
895 379 1061 430 gravitas
1091 380 1258 420 exstitit!
1307 382 1385 420 Sed
1416 381 1511 431 quid
1542 395 1588 420 ea

255 455 526 482 commemoro
574 457 675 494 quae
724 451 807 482 tum
856 459 946 483 cum
995 444 1213 495 agebantur
1260 460 1341 485 uno
1391 460 1587 486 consensu
1607 457 1624 489 5

255 507 445 555 omnium,
473 522 552 546 una
581 522 677 548 voce
707 509 843 560 populi
875 510 1061 558 Romani,
1089 525 1170 549 uno
1199 511 1304 550 orbis
1334 519 1456 550 terrae
1486 511 1588 551 testi-

255 573 390 612 monio
430 573 468 611 in
504 575 657 613 caelum
693 574 876 613 laudibus
916 575 1187 622 efferebantur,
1225 590 1331 615 nunc
1366 591 1501 615 vereor
1539 591 1589 616 ne

255 652 335 677 non
357 639 478 678 modo
500 653 580 678 non
598 639 747 690 prosint
764 654 897 679 verum
920 640 1036 679 etiam
1058 641 1208 692 aliquid
1224 641 1385 681 obsint?
1430 641 1587 681 Etenim

256 705 380 743 multo
428 704 616 744 acriorem
666 704 936 756 improborum
986 706 1183 746 interdum
1231 706 1460 746 memoriam
1503 721 1589 747 esse

255 769 382 807 sentio
413 784 530 820 quam
563 771 770 810 bonorum.
831 773 917 822 Ego
948 780 996 819 te,
1020 772 1049 810 si
1081 772 1176 823 quid
1206 773 1359 823 gravius
1389 772 1584 820 acciderit,
1612 786 1649 808 10

255 848 327 884 ego
362 842 410 881 te,
445 834 617 885 inquam,
656 837 805 883 Flacce,
845 836 1066 886 prodidero.
1131 839 1166 877 O
1201 852 1287 876 mea
1319 839 1476 877 dextera
1510 838 1585 885 illa,

256 912 343 937 mea
371 900 479 947 fides,
504 913 591 938 mea
620 900 821 951 promissa,
847 915 937 939 cum
966 909 1014 949 te,
1038 902 1068 941 si
1100 917 1179 941 rem
1208 903 1407 954 publicam
1436 918 1589 943 conser-

255 978 445 1012 varemus,
478 965 656 1004 omnium
694 967 889 1005 bonorum
927 967 1121 1017 praesidio
1157 969 1288 1018 quoad
1324 968 1472 1008 viveres
1507 982 1587 1007 non

256 1031 377 1070 modo
399 1030 594 1069 munitum
616 1033 685 1070 sed
708 1030 825 1070 etiam
848 1040 1027 1070 ornatum
1050 1034 1132 1072 fore
1153 1033 1376 1084 pollicebar.
1436 1034 1585 1082 Putavi,

255 1095 416 1146 speravi,
439 1096 556 1135 etiam
587 1096 617 1134 si
649 1098 776 1136 honos
807 1105 938 1136 noster
967 1098 1079 1137 vobis
1108 1098 1218 1137 vilior
1248 1099 1394 1147 fuisset,
1422 1101 1586 1138 salutem
1611 1112 1645 1144 15

176 1174 235 1207 104
255 1168 359 1199 certe
389 1175 517 1199 caram
550 1163 730 1200 futuram.
790 1164 849 1200 Ac
880 1165 920 1201 L.
951 1165 1134 1202 Flaccum
1163 1164 1335 1214 quidem,
1360 1164 1518 1212 iudices,
1543 1165 1585 1212 si,

255 1228 363 1277 quod
391 1226 429 1266 di
458 1226 697 1266 immortales
720 1241 837 1266 omen
863 1236 1048 1276 avertant,
1072 1228 1196 1279 gravis
1224 1229 1362 1268 iniuria
1383 1230 1585 1278 adflixerit,

256 1306 472 1343 numquam
517 1300 647 1331 tamen
697 1293 940 1343 prospexisse
979 1303 1129 1333 vestrae
1175 1294 1299 1342 saluti,
1341 1295 1587 1334 consuluisse

255 1357 378 1404 vobis,
394 1357 534 1404 liberis,
556 1357 801 1408 coniugibuS,
821 1358 985 1396 fortunis
1007 1359 1141 1397 vestris
1163 1359 1402 1409 paenitebit3
1433 1373 1587 1410 semper

255 1422 308 1461 ita
337 1423 488 1470 sentiet,
513 1424 630 1461 talem
661 1437 701 1461 se
731 1422 907 1461 animum
937 1430 974 1462 et
1001 1423 1153 1473 generis
1181 1424 1358 1474 dignitati
1386 1432 1424 1463 et
1451 1424 1585 1475 pietati
1606 1437 1647 1459 20

254 1502 347 1527 suae
382 1496 419 1527 et
454 1488 600 1539 patriae
634 1488 843 1535 debuisse3
883 1502 953 1527 vos
988 1503 1037 1527 ne
1072 1489 1267 1539 paeniteat
1303 1489 1367 1528 tali
1400 1490 1473 1529 civi
1506 1504 1585 1529 non

254 1553 485 1604 pepercisse,
505 1567 573 1603 per
594 1555 690 1592 deos
716 1553 955 1600 immortalis,
977 1553 1137 1601 iudices,
1156 1554 1369 1605 providete.
1430 1557 1587 1604 Quotus

253 1618 359 1657 enim
385 1618 551 1669 quisque
578 1626 635 1657 est
666 1618 733 1668 qui
764 1619 865 1657 lianc
896 1619 933 1657 in
964 1633 1002 1658 re
1030 1619 1189 1670 publica
1214 1627 1361 1659 sectam
1389 1628 1583 1670 sequatur,

253 1683 320 1734 qui
356 1683 478 1731 vobis,
511 1683 577 1734 qui
613 1683 727 1722 vestri
761 1683 954 1722 similibus
990 1686 1142 1734 placere
1176 1684 1317 1736 cupiat,
1351 1684 1417 1735 qui
1447 1684 1585 1736 optimi

253 1756 372 1799 atq-ue
406 1747 635 1798 amplissimi
668 1748 859 1799 cuiusque
894 1749 1065 1788 hominis
1096 1757 1214 1800 atque
1246 1750 1393 1789 ordinis
1422 1750 1585 1789 auctori·
1607 1766 1645 1797 25

255 1822 379 1853 tatem·
398 1814 526 1864 magni
549 1822 669 1864 putet,
690 1828 771 1852 cnm
793 1815 897 1852 illam
914 1815 1015 1853 viam
1038 1815 1112 1853 sibi
1128 1815 1287 1854 videant
1303 1815 1583 1865 expeditiorem

184 1896 236 1935 42
254 1881 305 1919 ad
331 1881 501 1918 honores
531 1887 568 1918 et
596 1880 645 1917 ad
674 1880 807 1918 omnia
835 1894 935 1930 quae
965 1881 1308 1931 concupiverunt?
1350 1882 1427 1920 Sed
1457 1889 1586 1921 cetera

254 1945 331 1985 sint
370 1958 532 1993 eorum3
580 1944 653 1983 sibi
695 1946 865 1984 habeant
906 1946 1134 1997 potentiam,
1177 1946 1251 1985 sibi
1289 1947 1469 1993 honores
1509 1946 1584 1985 sibi

254 2020 471 2051 ceterorum
500 2013 804 2051 commodorum
833 2026 1006 2051 summas
1034 2013 1238 2051 facultates
1253 2026 1263 2059 A:
1295 2012 1409 2050 liceat
1436 2011 1490 2050 eis
1516 2010 1583 2061 qui

297 2128 316 2155 3
341 2116 429 2146 enim
450 2117 556 2147 dicam
575 2116 613 2146 b:
643 2116 750 2147 dicam
768 2116 920 2147 Faernus
1052 2126 1071 2153 4
1096 2126 1182 2155 quae
1202 2114 1320 2155 virtus]
1339 2113 1394 2154 qui
1414 2113 1543 2145 iuratus
1560 2117 1583 2145 Σ

255 2171 274 2198 5
299 2170 372 2190 cum
392 2160 445 2199 x&-
464 2171 470 2190 ε
495 2170 558 2191 om.
582 2160 625 2190 ΣΙ)
762 2170 795 2190 11
824 2159 1005 2198 prodidero
1025 2162 1074 2199 Σχ
1093 2171 1098 2189 :
1124 2159 1305 2198 perdidero
1321 2158 1371 2189 b?
1459 2158 1489 2188 O
1507 2163 1581 2198 sup-

252 2203 339 2242 plevi
424 2204 564 2235 dextera
583 2207 605 2234 Σ
621 2215 626 2234 :
652 2204 770 2234 dextra
788 2207 850 2233 cell.
968 2204 1005 2233 16
1030 2213 1067 2233 ac
1087 2202 1141 2232 ΣΙ)1
1157 2214 1163 2232 :
1189 2208 1221 2232 at
1238 2205 1302 2232 cett.
1434 2211 1469 2241 17
1495 2202 1582 2241 quod

255 2247 442 2287 Naugerius
462 2248 492 2288 (ι
508 2258 511 2277 l
529 2259 533 2277 ε
561 2248 591 2279 id
610 2248 698 2286 quod
715 2247 801 2278 codd.
918 2257 958 2285 23
984 2246 1015 2276 in
1036 2256 1070 2276 re
1089 2256 1119 2285 p⁴
1139 2248 1162 2277 Σ
1180 2257 1185 2275 :
1211 2245 1243 2275 in
1263 2255 1330 2276 rem
1350 2255 1380 2284 p.
1402 2244 1433 2275 bl
1452 2255 1458 2274 :
1485 2245 1531 2292 reli
1552 2255 1582 2283 p.

254 2293 316 2321 rell.
496 2293 538 2322 26
564 2301 637 2322 cum
655 2290 718 2329 b1k,
738 2291 907 2322 Faernus:
934 2300 997 2321 om.
1018 2293 1080 2320 cclt.
1104 2289 1144 2328 (si
1162 2292 1236 2320 ante
1252 2289 1314 2319 sibi
1331 2287 1438 2328 suppl.
1454 2286 1581 2327 Butler)

256 2334 390 2365 videant
408 2334 507 2365 1b¹kz
533 2335 649 2366 vident
666 2337 731 2365 cell.
865 2344 907 2373 29
932 2333 971 2364 iis
987 2333 1007 2364 k
1023 2343 1031 2364 :
1055 2333 1108 2364 his
1125 2336 1191 2364 cett.
