1716 2662
447 78 557 117 PRO
588 78 630 117 L.
665 78 882 118 FLACCO
913 79 1130 117 ORATIO
1426 80 1449 117 8

176 190 424 230 Adulescens
462 190 602 237 bonus,
643 190 813 228 honesto
851 190 941 228 loco
979 197 1105 238 natus,
1146 190 1314 229 disertus
1359 204 1450 229 cum

123 255 295 294 maximo
323 254 653 305 ornatissimoque
682 254 872 293 comitatu
902 254 1009 294 venit
1042 255 1082 294 in
1111 256 1304 306 oppidum
1334 257 1452 295 Grae-

121 333 268 368 corum,
305 321 477 371 postulat
510 319 752 368 contionem,
786 319 992 370 locupletis
1031 320 1212 360 homines
1251 329 1290 359 et
1325 321 1451 372 gravis

122 399 172 424 ne
192 384 264 423 sibi
285 386 540 424 adversentur
560 384 761 423 testimoni
782 384 1081 424 denuntiatione
1101 386 1279 433 deterret,
1303 385 1452 436 egentis

84 466 101 498 5
123 458 160 489 et
198 449 292 489 levis
330 464 400 501 spe
438 449 651 500 largitionis
685 458 724 488 et
762 450 904 488 viatico
944 450 1115 501 publico,
1153 451 1301 501 privata
1333 451 1451 490 etiam

122 515 363 566 benignitate
393 517 594 565 prolectat.
652 515 827 566 Opifices
856 523 894 554 et
924 516 1164 555 tabernarios
1198 524 1317 567 atque
1347 517 1452 558 illam

122 594 282 620 omnem
304 582 453 620 faecem
478 580 679 619 civitatum
701 580 797 630 quid
825 587 882 619 est
910 580 1042 631 negoti
1070 581 1278 628 concitare,
1301 581 1340 620 in
1361 595 1452 621 eum

122 646 348 696 praesertim
381 645 449 696 qui
482 659 607 696 nuper
635 659 791 684 summo
824 659 916 684 cum
946 645 1111 696 imperio
1140 647 1264 695 fuerit,
1296 661 1452 686 summo

122 719 254 750 autem
289 711 328 749 in
361 724 495 750 amore
533 724 618 750 esse
656 718 815 762 propter
853 711 982 761 ipsum
1018 711 1155 762 imperi
1190 726 1337 752 nomen
1371 727 1452 752 non

66 794 104 817 10
123 777 321 828 potuerit?
369 776 598 814 Mirandum
632 788 724 814 vero
763 783 821 814 est
859 775 1040 815 homines
1079 790 1147 815 eos
1181 777 1324 828 quibus
1359 778 1452 817 odio

123 849 214 880 sunt
241 848 396 880 nostrae
423 854 588 887 secures,
613 854 760 879 nomen
787 840 1001 888 acerbitati,
1025 841 1224 891 scriptura,
1247 844 1450 890 decumae,

123 907 338 959 portorium
389 907 516 954 morti,
566 906 733 946 libenter
773 906 952 957 adripere
998 908 1225 946 facultatem
1269 909 1453 948 laedendi

122 986 397 1024 quaecumque
426 973 564 1012 detur!
614 974 862 1011 Mementote
891 972 1017 1023 igitur,
1049 986 1140 1011 cum
1171 973 1339 1012 audietis
1370 987 1454 1025 pse-

122 1039 327 1090 phismata,
361 1051 443 1078 non
476 1038 612 1077 audire
645 1051 714 1076 vos
748 1037 981 1085 testimonia,
1018 1037 1154 1077 audire
1193 1038 1453 1078 temeritatem

66 1119 102 1152 ¹5
122 1104 235 1154 volgi,
270 1103 407 1143 audire
439 1116 577 1142 vocem
613 1102 799 1142 levissimi
837 1104 1039 1153 cuiusque,
1075 1103 1211 1143 audire
1248 1105 1453 1155 strepitum

122 1170 403 1220 imperitorum,
434 1168 571 1207 audire
603 1168 831 1207 contionem
867 1167 1105 1207 concitatam
1137 1169 1356 1208 levissimae
1389 1183 1454 1209 na-

122 1235 251 1274 tionis.
310 1236 450 1285 Itaque
479 1233 775 1285 perscrutamini
796 1234 952 1283 penitus
981 1241 1160 1272 naturam
1182 1236 1453 1285 rationemque

122 1300 356 1348 criminum‚·
400 1299 477 1338 iam
506 1300 604 1338 nihil
634 1306 785 1350 praeter
813 1312 935 1350 spem,
959 1298 1056 1337 nihil
1085 1306 1237 1350 praeter
1266 1307 1452 1340 terrorem

122 1379 168 1404 ac
190 1364 315 1404 minas
336 1364 544 1415 reperietis.

64 1449 106 1472 20
178 1445 242 1466 *με
259 1432 307 1469 In
333 1430 480 1468 aerario
500 1429 596 1468 nihil
623 1429 771 1468 habent
791 1429 977 1477 civitates,
1001 1429 1097 1468 nihil
1123 1429 1162 1468 in
1183 1430 1449 1481 vectigalibus.

126 1499 240 1535 Duae
284 1495 453 1534 rationes
501 1494 773 1534 conficiendae
823 1496 1025 1545 pecuniae,
1069 1503 1136 1533 aut
1184 1509 1338 1535 versura
1385 1504 1452 1535 aut

122 1561 294 1609 tributo;
341 1574 414 1600 nec
457 1561 614 1599 tabulae
659 1559 860 1599 creditoris
906 1561 1154 1610 proferuntur
1200 1574 1273 1600 nee
1318 1561 1450 1600 tributi

123 1627 319 1666 confectio
348 1628 426 1665 ulla
453 1627 644 1665 recitatur.
706 1627 837 1675 Quam
866 1638 956 1664 vero
988 1625 1099 1664 facile
1134 1627 1248 1664 salsas
1283 1626 1451 1665 rationes

124 1692 263 1731 inferre
292 1700 330 1731 et
365 1691 404 1730 in
435 1692 587 1730 tabulas
618 1692 901 1741 quodcumque
933 1692 1190 1729 commodum
1222 1699 1280 1730 est
1314 1693 1452 1730 referre

64 1772 101 1804 25
125 1759 286 1805 soleant,
318 1771 364 1796 ex
396 1757 469 1797 Cn.
505 1756 669 1807 Pompei
698 1755 833 1796 litteris
863 1757 914 1794 ad
945 1758 1176 1807 Hypsaeum
1207 1764 1245 1795 et
1276 1757 1451 1807 Hypsaei

122 1823 173 1861 ad
188 1822 421 1872 Pompeium
437 1822 575 1869 missis,
592 1835 750 1872 quaeso,
769 1823 1006 1872 cognoscite.
1055 1823 1270 1860 Ll'rTERAE
1287 1824 1449 1861 Pontem

123 1899 174 1925 ET
195 1889 395 1926 HYPSAEL
455 1887 607 1926 Satisne
627 1888 739 1926 vobis
767 1900 977 1938 coarguere
1000 1887 1059 1925 his
1086 1887 1310 1926 auctoribus
1331 1887 1452 1926 disso-

122 1954 242 1991 lutam
265 1953 505 1991 Graecorum
526 1953 854 1991 consuetudinem
876 1952 1154 2002 licentiamque
1180 1952 1450 2002 impudentem

166 2069 185 2096 4
210 2058 469 2088 adversarentur
496 2068 519 2096 χ
666 2066 685 2096 5
710 2056 914 2098 largitionis]
945 2056 1122 2094 legationis
1151 2056 1230 2095 lag—’k
1340 2057 1450 2088 viatici

124 2100 246 2141 publici
265 2101 343 2131 com'.
362 2100 484 2130 Mic'ller
641 2101 662 2130 6
687 2101 850 2140 prolectat
868 2102 960 2140 (per-
977 2100 1023 2132 B:
1043 2100 1071 2130 ὁ]
1091 2112 1097 2131 :
1124 2101 1273 2139 proiecta
1292 2103 1315 2131 Σ
1332 2111 1338 2130 z
1363 2111 1451 2130 com-

124 2145 278 2176 movet?
410 2145 429 2174 8
453 2153 584 2174 summo
603 2154 676 2174 cum
694 2155 725 2175 c:
751 2153 824 2174 cum
845 2154 973 2174 summo
990 2143 1019 2178 k,
1040 2143 1086 2176 cd.
1107 2143 1158 2174 V:
1182 2154 1254 2173 cum
1274 2143 1305 2172 in
1323 2153 1450 2174 summo

124 2192 187 2219 cell.
302 2197 340 2217 10
364 2197 443 2217 vero
462 2186 540 2217 zb¹k
558 2199 564 2217 :
589 2197 654 2218 non
670 2191 733 2218 cett.
858 2197 868 2216 1
880 2197 890 2216 r
919 2187 1093 2217 acerbitati
1111 2186 1128 2216 b
1146 2200 1151 2218 z
1176 2187 1369 2217 acerbitatis
1386 2191 1450 2221 cell,

129 2242 164 2270 ¹4
190 2241 250 2261 vos
268 2230 349 2270 (om.
368 2228 420 2269 2¹)
440 2230 557 2261 audire
576 2234 599 2261 Σ
772 2232 810 2261 16
835 2231 1025 2261 contionem
1043 2229 1089 2261 ed.
1110 2230 1142 2259 R
1160 2241 1166 2259 t
1198 2230 1449 2260 contentionem

125 2287 148 2314 χ
166 2286 172 2304 τ
199 2274 451 2304 contentionem
469 2278 502 2304 et
520 2274 709 2304 contionem
727 2277 791 2305 cell.
880 2274 917 2303 18
941 2272 1052 2313 spem]
1071 2274 1218 2312 speciem
1237 2285 1260 2312 χ
1343 2282 1451 2312 23-25

111 2328 223 2356 *quam
242 2328 322 2347 vero
340 2317 438 2347 salsas
457 2317 604 2347 rationes
623 2318 653 2347 in
672 2317 798 2347 tabulas
817 2317 939 2347 inferre
957 2316 1091 2347 soleant
1108 2316 1215 2347 Schol.
1235 2315 1315 2347 med.
1336 2328 1391 2347 om

181 2383 243 2404 εις.
264 2382 332 2403 PRO
351 2382 478 2402 rmcco
1383 2379 1421 2407 14

1474 86 1509 117 18

1469 190 1493 228 8

1477 793 1512 824 ¹9

1470 1413 1498 1451 9

1472 1473 1512 1494 20
