<?xml version="1.0" encoding="UTF-8"?>
<!DOCTYPE html PUBLIC "-//W3C//DTD XHTML 1.0 Transitional//EN"
    "http://www.w3.org/TR/xhtml1/DTD/xhtml1-transitional.dtd">
<html xmlns="http://www.w3.org/1999/xhtml" xml:lang="en" lang="en">
 <head>
  <title>
</title>
<meta http-equiv="Content-Type" content="text/html;charset=utf-8" />
  <meta name='ocr-system' content='tesseract 3.04.00' />
  <meta name='ocr-capabilities' content='ocr_page ocr_carea ocr_par ocr_line ocrx_word'/>
</head>
<body>
  <div class='ocr_page' id='page_1' title='image "./orationesrecogno04ciceuoft/orationesrecogno04ciceuoft_0173.png"; bbox 0 0 1716 2662; ppageno 0'>
   <div class='ocr_carea' id='block_1_1' title="bbox 401 76 1494 113">
    <p class='ocr_par' dir='ltr' id='par_1_1' title="bbox 401 76 1494 113">
     <span class='ocr_line' id='line_1_1' title="bbox 401 76 1494 113; baseline -0.002 -1"><span class='ocrx_word' id='word_1_1' title='bbox 401 76 476 112; x_wconf 87' lang='lat' dir='ltr'>DE</span> <span class='ocrx_word' id='word_1_2' title='bbox 507 76 652 113; x_wconf 86' lang='lat' dir='ltr'>LEGE</span> <span class='ocrx_word' id='word_1_3' title='bbox 683 76 941 113; x_wconf 65' lang='lat' dir='ltr'><strong>AGRARIA</strong></span> <span class='ocrx_word' id='word_1_4' title='bbox 971 76 1188 113; x_wconf 62' lang='lat' dir='ltr'>ORATIO</span> <span class='ocrx_word' id='word_1_5' title='bbox 1221 76 1262 112; x_wconf 87' lang='lat'>11</span> <span class='ocrx_word' id='word_1_6' title='bbox 1452 84 1494 110; x_wconf 88' lang='lat'>21</span> 
     </span>
    </p>
   </div>
   <div class='ocr_carea' id='block_1_2' title="bbox 98 185 1494 1932">
    <p class='ocr_par' dir='ltr' id='par_1_2' title="bbox 98 185 1494 1932">
     <span class='ocr_line' id='line_1_2' title="bbox 165 185 1494 237; baseline -0.001 -12"><span class='ocrx_word' id='word_1_7' title='bbox 165 201 210 225; x_wconf 81' lang='lat' dir='ltr'>ac</span> <span class='ocrx_word' id='word_1_8' title='bbox 231 187 291 225; x_wconf 91' lang='lat' dir='ltr'>dis</span> <span class='ocrx_word' id='word_1_9' title='bbox 311 186 519 237; x_wconf 87' lang='lat' dir='ltr'>penatibus</span> <span class='ocrx_word' id='word_1_10' title='bbox 550 193 695 236; x_wconf 83' lang='lat' dir='ltr'>negant</span> <span class='ocrx_word' id='word_1_11' title='bbox 717 194 908 236; x_wconf 78' lang='lat' dir='ltr'><strong>oportere.</strong></span> <span class='ocrx_word' id='word_1_12' title='bbox 968 188 1042 234; x_wconf 82' lang='lat' dir='ltr'>Ac,</span> <span class='ocrx_word' id='word_1_13' title='bbox 1063 185 1094 224; x_wconf 84' lang='lat' dir='ltr'>si</span> <span class='ocrx_word' id='word_1_14' title='bbox 1117 194 1176 225; x_wconf 84' lang='lat' dir='ltr'>cst</span> <span class='ocrx_word' id='word_1_15' title='bbox 1205 185 1377 236; x_wconf 82' lang='lat' dir='ltr'>privatus</span> <span class='ocrx_word' id='word_1_16' title='bbox 1405 199 1494 236; x_wconf 85' lang='lat' dir='ltr'>ager</span> 
     </span>
     <span class='ocr_line' id='line_1_3' title="bbox 168 250 1494 302; baseline 0.001 -14"><span class='ocrx_word' id='word_1_17' title='bbox 168 250 464 298; x_wconf 77' lang='lat' dir='ltr'>Recentoricus,</span> <span class='ocrx_word' id='word_1_18' title='bbox 490 251 587 301; x_wconf 85' lang='lat' dir='ltr'>quid</span> <span class='ocrx_word' id='word_1_19' title='bbox 612 264 703 289; x_wconf 92' lang='lat' dir='ltr'>eum</span> <span class='ocrx_word' id='word_1_20' title='bbox 730 251 905 302; x_wconf 78' lang='lat' dir='ltr'>excipis?</span> <span class='ocrx_word' id='word_1_21' title='bbox 933 251 992 289; x_wconf 92' lang='lat' dir='ltr'>sin</span> <span class='ocrx_word' id='word_1_22' title='bbox 1017 259 1147 289; x_wconf 86' lang='lat' dir='ltr'>autem</span> <span class='ocrx_word' id='word_1_23' title='bbox 1176 250 1368 301; x_wconf 86' lang='lat' dir='ltr'>publicus,</span> <span class='ocrx_word' id='word_1_24' title='bbox 1392 264 1494 300; x_wconf 87' lang='lat' dir='ltr'>quae</span> 
     </span>
     <span class='ocr_line' id='line_1_4' title="bbox 164 315 1494 367; baseline -0.001 -13"><span class='ocrx_word' id='word_1_25' title='bbox 164 324 222 355; x_wconf 89' lang='lat' dir='ltr'>est</span> <span class='ocrx_word' id='word_1_26' title='bbox 242 316 315 354; x_wconf 89' lang='lat' dir='ltr'>ista</span> <span class='ocrx_word' id='word_1_27' title='bbox 334 317 510 367; x_wconf 86' lang='lat' dir='ltr'>aequitas</span> <span class='ocrx_word' id='word_1_28' title='bbox 539 324 705 365; x_wconf 82' lang='lat' dir='ltr'>ceteros,</span> <span class='ocrx_word' id='word_1_29' title='bbox 723 316 841 355; x_wconf 84' lang='lat' dir='ltr'>etiam</span> <span class='ocrx_word' id='word_1_30' title='bbox 871 316 901 354; x_wconf 84' lang='lat' dir='ltr'>si</span> <span class='ocrx_word' id='word_1_31' title='bbox 933 316 1069 366; x_wconf 88' lang='lat' dir='ltr'>privati</span> <span class='ocrx_word' id='word_1_32' title='bbox 1097 316 1184 363; x_wconf 87' lang='lat' dir='ltr'>sint,</span> <span class='ocrx_word' id='word_1_33' title='bbox 1207 315 1430 366; x_wconf 80' lang='lat' dir='ltr'>permittere</span> <span class='ocrx_word' id='word_1_34' title='bbox 1451 323 1494 353; x_wconf 90' lang='lat' dir='ltr'>ut</span> 
     </span>
     <span class='ocr_line' id='line_1_5' title="bbox 164 381 1493 433; baseline 0 -14"><span class='ocrx_word' id='word_1_35' title='bbox 164 381 312 432; x_wconf 83' lang='lat' dir='ltr'>publici</span> <span class='ocrx_word' id='word_1_36' title='bbox 332 381 565 428; x_wconf 85' lang='lat' dir='ltr'>iudicentur,</span> <span class='ocrx_word' id='word_1_37' title='bbox 588 383 694 420; x_wconf 86' lang='lat' dir='ltr'>hunc</span> <span class='ocrx_word' id='word_1_38' title='bbox 724 382 901 433; x_wconf 85' lang='lat' dir='ltr'>excipere</span> <span class='ocrx_word' id='word_1_39' title='bbox 932 381 1166 420; x_wconf 85' lang='lat' dir='ltr'>nominatim</span> <span class='ocrx_word' id='word_1_40' title='bbox 1197 381 1263 432; x_wconf 86' lang='lat' dir='ltr'>qui</span> <span class='ocrx_word' id='word_1_41' title='bbox 1289 381 1493 432; x_wconf 89' lang='lat' dir='ltr'>publicum</span> 
     </span>
     <span class='ocr_line' id='line_1_6' title="bbox 127 446 1494 497; baseline -0.002 -9"><span class='ocrx_word' id='word_1_42' title='bbox 127 456 205 488; x_wconf 84' lang='lat' dir='ltr'>5se</span> <span class='ocrx_word' id='word_1_43' title='bbox 240 460 325 485; x_wconf 85' lang='lat' dir='ltr'>esse</span> <span class='ocrx_word' id='word_1_44' title='bbox 362 449 558 486; x_wconf 77' lang='lat' dir='ltr'>fateatur?</span> <span class='ocrx_word' id='word_1_45' title='bbox 617 449 720 497; x_wconf 83' lang='lat' dir='ltr'>Ergo</span> <span class='ocrx_word' id='word_1_46' title='bbox 759 461 894 486; x_wconf 89' lang='lat' dir='ltr'>eorum</span> <span class='ocrx_word' id='word_1_47' title='bbox 933 461 1022 497; x_wconf 83' lang='lat' dir='ltr'>ager</span> <span class='ocrx_word' id='word_1_48' title='bbox 1063 446 1252 497; x_wconf 82' lang='lat' dir='ltr'>excipitur</span> <span class='ocrx_word' id='word_1_49' title='bbox 1287 446 1353 496; x_wconf 84' lang='lat' dir='ltr'>qui</span> <span class='ocrx_word' id='word_1_50' title='bbox 1387 447 1494 497; x_wconf 90' lang='lat' dir='ltr'>apud</span> 
     </span>
     <span class='ocr_line' id='line_1_7' title="bbox 166 511 1493 563; baseline 0 -14"><span class='ocrx_word' id='word_1_51' title='bbox 166 513 327 550; x_wconf 80' lang='lat' dir='ltr'>Rullum</span> <span class='ocrx_word' id='word_1_52' title='bbox 365 512 497 563; x_wconf 85' lang='lat' dir='ltr'>aliqua</span> <span class='ocrx_word' id='word_1_53' title='bbox 534 512 685 551; x_wconf 86' lang='lat' dir='ltr'>ratione</span> <span class='ocrx_word' id='word_1_54' title='bbox 723 514 944 559; x_wconf 85' lang='lat' dir='ltr'>valuerunt,</span> <span class='ocrx_word' id='word_1_55' title='bbox 971 512 1092 550; x_wconf 89' lang='lat' dir='ltr'>ceteri</span> <span class='ocrx_word' id='word_1_56' title='bbox 1131 511 1209 562; x_wconf 83' lang='lat' dir='ltr'>agri</span> <span class='ocrx_word' id='word_1_57' title='bbox 1249 525 1387 550; x_wconf 89' lang='lat' dir='ltr'>omnes</span> <span class='ocrx_word' id='word_1_58' title='bbox 1426 511 1493 562; x_wconf 87' lang='lat' dir='ltr'>qui</span> 
     </span>
     <span class='ocr_line' id='line_1_8' title="bbox 162 576 1494 627; baseline -0.001 -12"><span class='ocrx_word' id='word_1_59' title='bbox 162 576 310 627; x_wconf 86' lang='lat' dir='ltr'>ubique</span> <span class='ocrx_word' id='word_1_60' title='bbox 337 585 427 615; x_wconf 88' lang='lat' dir='ltr'>sunt</span> <span class='ocrx_word' id='word_1_61' title='bbox 455 577 538 616; x_wconf 87' lang='lat' dir='ltr'>sine</span> <span class='ocrx_word' id='word_1_62' title='bbox 558 579 638 616; x_wconf 92' lang='lat' dir='ltr'>ullo</span> <span class='ocrx_word' id='word_1_63' title='bbox 662 577 819 624; x_wconf 80' lang='lat' dir='ltr'>dilectu,</span> <span class='ocrx_word' id='word_1_64' title='bbox 844 577 928 616; x_wconf 91' lang='lat' dir='ltr'>sine</span> <span class='ocrx_word' id='word_1_65' title='bbox 952 576 1087 627; x_wconf 87' lang='lat' dir='ltr'>populi</span> <span class='ocrx_word' id='word_1_66' title='bbox 1113 576 1287 615; x_wconf 88' lang='lat' dir='ltr'>Romani</span> <span class='ocrx_word' id='word_1_67' title='bbox 1318 576 1494 624; x_wconf 75' lang='lat' dir='ltr'>notione,</span> 
     </span>
     <span class='ocr_line' id='line_1_9' title="bbox 162 641 1491 692; baseline 0 -12"><span class='ocrx_word' id='word_1_68' title='bbox 162 641 246 680; x_wconf 91' lang='lat' dir='ltr'>sine</span> <span class='ocrx_word' id='word_1_69' title='bbox 280 641 427 681; x_wconf 90' lang='lat' dir='ltr'>iudicio</span> <span class='ocrx_word' id='word_1_70' title='bbox 458 651 616 681; x_wconf 89' lang='lat' dir='ltr'>senatus</span> <span class='ocrx_word' id='word_1_71' title='bbox 649 642 769 680; x_wconf 81' lang='lat' dir='ltr'>xviris</span> <span class='ocrx_word' id='word_1_72' title='bbox 804 642 1069 681; x_wconf 82' lang='lat' dir='ltr'>addicentur?</span> <span class='ocrx_word' id='word_1_73' title='bbox 1130 644 1262 692; x_wconf 87' lang='lat' dir='ltr'>Atque</span> <span class='ocrx_word' id='word_1_74' title='bbox 1288 641 1405 680; x_wconf 84' lang='lat' dir='ltr'>etiam</span> <span class='ocrx_word' id='word_1_75' title='bbox 1434 649 1491 680; x_wconf 90' lang='lat' dir='ltr'>est</span> 
     </span>
     <span class='ocr_line' id='line_1_10' title="bbox 161 706 1493 758; baseline 0 -14"><span class='ocrx_word' id='word_1_76' title='bbox 161 706 237 744; x_wconf 87' lang='lat' dir='ltr'>alia</span> <span class='ocrx_word' id='word_1_77' title='bbox 256 706 455 757; x_wconf 85' lang='lat' dir='ltr'>superiore</span> <span class='ocrx_word' id='word_1_78' title='bbox 476 707 604 758; x_wconf 89' lang='lat' dir='ltr'>capite</span> <span class='ocrx_word' id='word_1_79' title='bbox 620 721 700 758; x_wconf 88' lang='lat' dir='ltr'>quo</span> <span class='ocrx_word' id='word_1_80' title='bbox 713 706 848 745; x_wconf 85' lang='lat' dir='ltr'>onmia</span> <span class='ocrx_word' id='word_1_81' title='bbox 862 715 1033 746; x_wconf 88' lang='lat' dir='ltr'>veneunt</span> <span class='ocrx_word' id='word_1_82' title='bbox 1048 714 1285 757; x_wconf 82' lang='lat' dir='ltr'>quaestuosa</span> <span class='ocrx_word' id='word_1_83' title='bbox 1301 706 1493 757; x_wconf 80' lang='lat' dir='ltr'>exceptio,</span> 
     </span>
     <span class='ocr_line' id='line_1_11' title="bbox 105 771 1492 824; baseline 0.001 -16"><span class='ocrx_word' id='word_1_84' title='bbox 105 785 145 808; x_wconf 91' lang='lat'>10</span> <span class='ocrx_word' id='word_1_85' title='bbox 162 785 263 822; x_wconf 86' lang='lat' dir='ltr'>quae</span> <span class='ocrx_word' id='word_1_86' title='bbox 284 780 387 822; x_wconf 82' lang='lat' dir='ltr'>teget</span> <span class='ocrx_word' id='word_1_87' title='bbox 407 786 474 811; x_wconf 90' lang='lat' dir='ltr'>eos</span> <span class='ocrx_word' id='word_1_88' title='bbox 494 787 607 824; x_wconf 82' lang='lat' dir='ltr'>agros</span> <span class='ocrx_word' id='word_1_89' title='bbox 623 774 674 811; x_wconf 91' lang='lat' dir='ltr'>de</span> <span class='ocrx_word' id='word_1_90' title='bbox 694 772 838 823; x_wconf 88' lang='lat' dir='ltr'>quibus</span> <span class='ocrx_word' id='word_1_91' title='bbox 858 774 1017 812; x_wconf 90' lang='lat' dir='ltr'>foedere</span> <span class='ocrx_word' id='word_1_92' title='bbox 1038 781 1196 811; x_wconf 86' lang='lat' dir='ltr'>cautum</span> <span class='ocrx_word' id='word_1_93' title='bbox 1218 779 1286 811; x_wconf 88' lang='lat' dir='ltr'>est.</span> <span class='ocrx_word' id='word_1_94' title='bbox 1329 771 1492 811; x_wconf 89' lang='lat' dir='ltr'>Audivit</span> 
     </span>
     <span class='ocr_line' id='line_1_12' title="bbox 161 837 1491 889; baseline 0.001 -14"><span class='ocrx_word' id='word_1_95' title='bbox 161 838 264 876; x_wconf 88' lang='lat' dir='ltr'>hanc</span> <span class='ocrx_word' id='word_1_96' title='bbox 285 852 365 876; x_wconf 87' lang='lat' dir='ltr'>rem</span> <span class='ocrx_word' id='word_1_97' title='bbox 383 852 461 877; x_wconf 89' lang='lat' dir='ltr'>non</span> <span class='ocrx_word' id='word_1_98' title='bbox 479 852 502 877; x_wconf 85' lang='lat' dir='ltr'>a</span> <span class='ocrx_word' id='word_1_99' title='bbox 522 852 600 886; x_wconf 85' lang='lat' dir='ltr'>me,</span> <span class='ocrx_word' id='word_1_100' title='bbox 615 840 685 877; x_wconf 88' lang='lat' dir='ltr'>sed</span> <span class='ocrx_word' id='word_1_101' title='bbox 705 839 755 877; x_wconf 86' lang='lat' dir='ltr'>ab</span> <span class='ocrx_word' id='word_1_102' title='bbox 777 838 860 877; x_wconf 90' lang='lat' dir='ltr'>aliis</span> <span class='ocrx_word' id='word_1_103' title='bbox 881 837 1016 889; x_wconf 81' lang='lat' dir='ltr'>agitari</span> <span class='ocrx_word' id='word_1_104' title='bbox 1038 851 1154 888; x_wconf 81' lang='lat' dir='ltr'>saepe</span> <span class='ocrx_word' id='word_1_105' title='bbox 1175 837 1214 876; x_wconf 90' lang='lat' dir='ltr'>in</span> <span class='ocrx_word' id='word_1_106' title='bbox 1238 844 1390 885; x_wconf 80' lang='lat' dir='ltr'>senatu,</span> <span class='ocrx_word' id='word_1_107' title='bbox 1410 851 1491 876; x_wconf 89' lang='lat' dir='ltr'>non</span> 
     </span>
     <span class='ocr_line' id='line_1_13' title="bbox 161 902 1492 953; baseline 0.001 -13"><span class='ocrx_word' id='word_1_108' title='bbox 161 916 378 953; x_wconf 78' lang='lat' dir='ltr'>numquam</span> <span class='ocrx_word' id='word_1_109' title='bbox 410 917 457 941; x_wconf 74' lang='lat' dir='ltr'>ex</span> <span class='ocrx_word' id='word_1_110' title='bbox 487 904 564 942; x_wconf 85' lang='lat' dir='ltr'>hoc</span> <span class='ocrx_word' id='word_1_111' title='bbox 595 904 694 950; x_wconf 85' lang='lat' dir='ltr'>loco,</span> <span class='ocrx_word' id='word_1_112' title='bbox 731 903 932 953; x_wconf 89' lang='lat' dir='ltr'>possidere</span> <span class='ocrx_word' id='word_1_113' title='bbox 963 917 1075 953; x_wconf 84' lang='lat' dir='ltr'>agros</span> <span class='ocrx_word' id='word_1_114' title='bbox 1114 902 1153 940; x_wconf 93' lang='lat' dir='ltr'>in</span> <span class='ocrx_word' id='word_1_115' title='bbox 1192 916 1260 941; x_wconf 88' lang='lat' dir='ltr'>ora</span> <span class='ocrx_word' id='word_1_116' title='bbox 1298 902 1492 942; x_wconf 88' lang='lat' dir='ltr'>maritima</span> 
     </span>
     <span class='ocr_line' id='line_1_14' title="bbox 160 968 1490 1020; baseline 0.002 -14"><span class='ocrx_word' id='word_1_117' title='bbox 160 982 291 1019; x_wconf 83' lang='lat' dir='ltr'>regem</span> <span class='ocrx_word' id='word_1_118' title='bbox 331 968 607 1020; x_wconf 76' lang='lat' dir='ltr'>Hiempsalem</span> <span class='ocrx_word' id='word_1_119' title='bbox 647 982 746 1019; x_wconf 85' lang='lat' dir='ltr'>quos</span> <span class='ocrx_word' id='word_1_120' title='bbox 786 971 826 1007; x_wconf 83' lang='lat' dir='ltr'>P.</span> <span class='ocrx_word' id='word_1_121' title='bbox 869 969 1076 1007; x_wconf 81' lang='lat' dir='ltr'>Africanus</span> <span class='ocrx_word' id='word_1_122' title='bbox 1116 970 1266 1019; x_wconf 87' lang='lat' dir='ltr'>populo</span> <span class='ocrx_word' id='word_1_123' title='bbox 1305 971 1490 1008; x_wconf 86' lang='lat' dir='ltr'>Romano</span> 
     </span>
     <span class='ocr_line' id='line_1_15' title="bbox 161 1033 1489 1085; baseline 0.001 -14"><span class='ocrx_word' id='word_1_124' title='bbox 161 1033 420 1083; x_wconf 78' lang='lat' dir='ltr'>adiudicarit3</span> <span class='ocrx_word' id='word_1_125' title='bbox 467 1034 502 1073; x_wconf 90' lang='lat' dir='ltr'>ei</span> <span class='ocrx_word' id='word_1_126' title='bbox 541 1043 672 1073; x_wconf 89' lang='lat' dir='ltr'>tamen</span> <span class='ocrx_word' id='word_1_127' title='bbox 711 1042 848 1084; x_wconf 87' lang='lat' dir='ltr'>postea</span> <span class='ocrx_word' id='word_1_128' title='bbox 887 1048 955 1085; x_wconf 89' lang='lat' dir='ltr'>per</span> <span class='ocrx_word' id='word_1_129' title='bbox 994 1036 1038 1074; x_wconf 92' lang='lat' dir='ltr'>C.</span> <span class='ocrx_word' id='word_1_130' title='bbox 1079 1035 1237 1074; x_wconf 80' lang='lat' dir='ltr'>Cottam</span> <span class='ocrx_word' id='word_1_131' title='bbox 1286 1035 1489 1073; x_wconf 87' lang='lat' dir='ltr'>consulem</span> 
     </span>
     <span class='ocr_line' id='line_1_16' title="bbox 105 1099 1492 1150; baseline 0.001 -15"><span class='ocrx_word' id='word_1_132' title='bbox 105 1112 142 1144; x_wconf 82' lang='lat'>15</span> <span class='ocrx_word' id='word_1_133' title='bbox 163 1107 321 1137; x_wconf 86' lang='lat' dir='ltr'>cautum</span> <span class='ocrx_word' id='word_1_134' title='bbox 342 1114 426 1138; x_wconf 89' lang='lat' dir='ltr'>esse</span> <span class='ocrx_word' id='word_1_135' title='bbox 448 1101 616 1138; x_wconf 88' lang='lat' dir='ltr'>foedere.</span> <span class='ocrx_word' id='word_1_136' title='bbox 675 1101 768 1138; x_wconf 91' lang='lat' dir='ltr'>Hoc</span> <span class='ocrx_word' id='word_1_137' title='bbox 798 1099 890 1150; x_wconf 77' lang='lat' dir='ltr'>quia</span> <span class='ocrx_word' id='word_1_138' title='bbox 919 1113 988 1138; x_wconf 90' lang='lat' dir='ltr'>vos</span> <span class='ocrx_word' id='word_1_139' title='bbox 1018 1100 1156 1138; x_wconf 89' lang='lat' dir='ltr'>foedus</span> <span class='ocrx_word' id='word_1_140' title='bbox 1187 1112 1267 1137; x_wconf 88' lang='lat' dir='ltr'>non</span> <span class='ocrx_word' id='word_1_141' title='bbox 1292 1099 1492 1147; x_wconf 81' lang='lat' dir='ltr'>iusseritis,</span> 
     </span>
     <span class='ocr_line' id='line_1_17' title="bbox 162 1153 1490 1215; baseline 0 -13"><span class='ocrx_word' id='word_1_142' title='bbox 162 1173 314 1203; x_wconf 83' lang='lat' dir='ltr'>veretur</span> <span class='ocrx_word' id='word_1_143' title='bbox 335 1165 545 1215; x_wconf 77' lang='lat' dir='ltr'>Hiempsal</span> <span class='ocrx_word' id='word_1_144' title='bbox 566 1172 607 1202; x_wconf 91' lang='lat' dir='ltr'>ut</span> <span class='ocrx_word' id='word_1_145' title='bbox 629 1153 720 1203; x_wconf 85' lang='lat' dir='ltr'>satis</span> <span class='ocrx_word' id='word_1_146' title='bbox 741 1166 897 1203; x_wconf 89' lang='lat' dir='ltr'>firmum</span> <span class='ocrx_word' id='word_1_147' title='bbox 918 1165 967 1203; x_wconf 90' lang='lat' dir='ltr'>sit</span> <span class='ocrx_word' id='word_1_148' title='bbox 987 1172 1024 1204; x_wconf 93' lang='lat' dir='ltr'>et</span> <span class='ocrx_word' id='word_1_149' title='bbox 1041 1172 1177 1203; x_wconf 88' lang='lat' dir='ltr'>ratum.</span> <span class='ocrx_word' id='word_1_150' title='bbox 1238 1163 1490 1204; x_wconf 86' lang='lat' dir='ltr'>Cuicuimodi</span> 
     </span>
     <span class='ocr_line' id='line_1_18' title="bbox 161 1228 1492 1280; baseline -0.001 -12"><span class='ocrx_word' id='word_1_151' title='bbox 161 1238 219 1268; x_wconf 88' lang='lat' dir='ltr'>est</span> <span class='ocrx_word' id='word_1_152' title='bbox 245 1231 352 1277; x_wconf 88' lang='lat' dir='ltr'>illud,</span> <span class='ocrx_word' id='word_1_153' title='bbox 376 1230 524 1268; x_wconf 91' lang='lat' dir='ltr'>tollitur</span> <span class='ocrx_word' id='word_1_154' title='bbox 544 1238 715 1268; x_wconf 79' lang='lat' dir='ltr'>vestrum</span> <span class='ocrx_word' id='word_1_155' title='bbox 745 1230 945 1278; x_wconf 88' lang='lat' dir='ltr'>iudicium,</span> <span class='ocrx_word' id='word_1_156' title='bbox 970 1231 1110 1268; x_wconf 87' lang='lat' dir='ltr'>foedus</span> <span class='ocrx_word' id='word_1_157' title='bbox 1136 1236 1263 1268; x_wconf 88' lang='lat' dir='ltr'>totum</span> <span class='ocrx_word' id='word_1_158' title='bbox 1290 1228 1492 1280; x_wconf 76' lang='lat' dir='ltr'>accipitur,</span> 
     </span>
     <span class='ocr_line' id='line_1_19' title="bbox 160 1293 1491 1345; baseline 0 -13"><span class='ocrx_word' id='word_1_159' title='bbox 160 1295 448 1345; x_wconf 87' lang='lat' dir='ltr'>comprobatur.</span> <span class='ocrx_word' id='word_1_160' title='bbox 524 1296 645 1344; x_wconf 86' lang='lat' dir='ltr'>Quod</span> <span class='ocrx_word' id='word_1_161' title='bbox 686 1294 827 1333; x_wconf 87' lang='lat' dir='ltr'>minuit</span> <span class='ocrx_word' id='word_1_162' title='bbox 862 1294 1089 1334; x_wconf 86' lang='lat' dir='ltr'>auctionem</span> <span class='ocrx_word' id='word_1_163' title='bbox 1129 1293 1317 1332; x_wconf 81' lang='lat' dir='ltr'>xviralem</span> <span class='ocrx_word' id='word_1_164' title='bbox 1358 1295 1491 1341; x_wconf 85' lang='lat' dir='ltr'>laudo,</span> 
     </span>
     <span class='ocr_line' id='line_1_20' title="bbox 160 1359 1489 1411; baseline -0.002 -11"><span class='ocrx_word' id='word_1_165' title='bbox 160 1362 269 1411; x_wconf 85' lang='lat' dir='ltr'>quod</span> <span class='ocrx_word' id='word_1_166' title='bbox 300 1360 378 1411; x_wconf 78' lang='lat' dir='ltr'>regi</span> <span class='ocrx_word' id='word_1_167' title='bbox 409 1360 539 1399; x_wconf 90' lang='lat' dir='ltr'>amico</span> <span class='ocrx_word' id='word_1_168' title='bbox 574 1368 685 1399; x_wconf 77' lang='lat' dir='ltr'>cavet</span> <span class='ocrx_word' id='word_1_169' title='bbox 715 1374 795 1398; x_wconf 91' lang='lat' dir='ltr'>non</span> <span class='ocrx_word' id='word_1_170' title='bbox 826 1361 1084 1410; x_wconf 84' lang='lat' dir='ltr'>reprehendo,</span> <span class='ocrx_word' id='word_1_171' title='bbox 1116 1360 1224 1410; x_wconf 85' lang='lat' dir='ltr'>quod</span> <span class='ocrx_word' id='word_1_172' title='bbox 1260 1373 1339 1398; x_wconf 91' lang='lat' dir='ltr'>non</span> <span class='ocrx_word' id='word_1_173' title='bbox 1373 1359 1489 1410; x_wconf 84' lang='lat' dir='ltr'>gratis</span> 
     </span>
     <span class='ocr_line' id='line_1_21' title="bbox 102 1423 1488 1474; baseline -0.001 -10"><span class='ocrx_word' id='word_1_174' title='bbox 102 1442 142 1464; x_wconf 87' lang='lat'>20</span> <span class='ocrx_word' id='word_1_175' title='bbox 161 1427 202 1464; x_wconf 85' lang='lat' dir='ltr'>fit</span> <span class='ocrx_word' id='word_1_176' title='bbox 230 1425 376 1464; x_wconf 89' lang='lat' dir='ltr'>indico.</span> <span class='ocrx_word' id='word_1_177' title='bbox 433 1425 582 1464; x_wconf 83' lang='lat' dir='ltr'>Volitat</span> <span class='ocrx_word' id='word_1_178' title='bbox 614 1425 718 1463; x_wconf 91' lang='lat' dir='ltr'>enim</span> <span class='ocrx_word' id='word_1_179' title='bbox 753 1433 843 1464; x_wconf 92' lang='lat' dir='ltr'>ante</span> <span class='ocrx_word' id='word_1_180' title='bbox 878 1427 1013 1464; x_wconf 89' lang='lat' dir='ltr'>oculos</span> <span class='ocrx_word' id='word_1_181' title='bbox 1045 1425 1208 1464; x_wconf 89' lang='lat' dir='ltr'>istorum</span> <span class='ocrx_word' id='word_1_182' title='bbox 1243 1425 1353 1470; x_wconf 88' lang='lat' dir='ltr'>Iuba,</span> <span class='ocrx_word' id='word_1_183' title='bbox 1391 1423 1488 1474; x_wconf 84' lang='lat' dir='ltr'>regis</span> 
     </span>
     <span class='ocr_line' id='line_1_22' title="bbox 160 1488 1488 1539; baseline -0.001 -10"><span class='ocrx_word' id='word_1_184' title='bbox 160 1491 276 1538; x_wconf 83' lang='lat' dir='ltr'>filius,</span> <span class='ocrx_word' id='word_1_185' title='bbox 303 1492 535 1530; x_wconf 82' lang='lat' dir='ltr'>adulescens</span> <span class='ocrx_word' id='word_1_186' title='bbox 566 1504 645 1529; x_wconf 93' lang='lat' dir='ltr'>non</span> <span class='ocrx_word' id='word_1_187' title='bbox 682 1490 810 1529; x_wconf 89' lang='lat' dir='ltr'>minus</span> <span class='ocrx_word' id='word_1_188' title='bbox 841 1490 943 1529; x_wconf 87' lang='lat' dir='ltr'>bene</span> <span class='ocrx_word' id='word_1_189' title='bbox 971 1497 1198 1529; x_wconf 87' lang='lat' dir='ltr'>nummatus</span> <span class='ocrx_word' id='word_1_190' title='bbox 1233 1502 1351 1539; x_wconf 86' lang='lat' dir='ltr'>quarn</span> <span class='ocrx_word' id='word_1_191' title='bbox 1386 1488 1488 1528; x_wconf 90' lang='lat' dir='ltr'>bene</span> 
     </span>
     <span class='ocr_line' id='line_1_23' title="bbox 159 1557 372 1607; baseline 0 -13"><span class='ocrx_word' id='word_1_192' title='bbox 159 1557 372 1607; x_wconf 82' lang='lat' dir='ltr'>capillatus.</span> 
     </span>
     <span class='ocr_line' id='line_1_24' title="bbox 211 1619 1489 1671; baseline -0.001 -12"><span class='ocrx_word' id='word_1_193' title='bbox 211 1621 287 1659; x_wconf 70' lang='lat' dir='ltr'>Vix</span> <span class='ocrx_word' id='word_1_194' title='bbox 314 1621 390 1659; x_wconf 84' lang='lat' dir='ltr'>iam</span> <span class='ocrx_word' id='word_1_195' title='bbox 416 1621 570 1660; x_wconf 91' lang='lat' dir='ltr'>videtur</span> <span class='ocrx_word' id='word_1_196' title='bbox 599 1622 709 1660; x_wconf 86' lang='lat' dir='ltr'>locus</span> <span class='ocrx_word' id='word_1_197' title='bbox 739 1634 824 1660; x_wconf 86' lang='lat' dir='ltr'>esse</span> <span class='ocrx_word' id='word_1_198' title='bbox 854 1620 920 1671; x_wconf 82' lang='lat' dir='ltr'>qui</span> <span class='ocrx_word' id='word_1_199' title='bbox 952 1628 1081 1659; x_wconf 84' lang='lat' dir='ltr'>tantos</span> <span class='ocrx_word' id='word_1_200' title='bbox 1110 1634 1270 1659; x_wconf 79' lang='lat' dir='ltr'>acervos</span> <span class='ocrx_word' id='word_1_201' title='bbox 1298 1619 1489 1670; x_wconf 87' lang='lat' dir='ltr'>pecuniae</span> 
     </span>
     <span class='ocr_line' id='line_1_25' title="bbox 159 1686 1489 1737; baseline -0.002 -12"><span class='ocrx_word' id='word_1_202' title='bbox 159 1686 313 1737; x_wconf 79' lang='lat' dir='ltr'>capiat3</span> <span class='ocrx_word' id='word_1_203' title='bbox 341 1694 469 1737; x_wconf 82' lang='lat' dir='ltr'>auget,</span> <span class='ocrx_word' id='word_1_204' title='bbox 501 1686 623 1733; x_wconf 84' lang='lat' dir='ltr'>addit,</span> <span class='ocrx_word' id='word_1_205' title='bbox 655 1687 888 1724; x_wconf 82' lang='lat' dir='ltr'>accumulat.</span> <span class='ocrx_word' id='word_1_206' title='bbox 952 1688 1145 1733; x_wconf 52' lang='lat' dir='ltr'>‘Awwnn</span> <span class='ocrx_word' id='word_1_207' title='bbox 1172 1696 1403 1724; x_wconf 77' lang='lat' dir='ltr'>ARGENTVM</span> <span class='ocrx_word' id='word_1_208' title='bbox 1434 1696 1489 1723; x_wconf 80' lang='lat' dir='ltr'>Ex</span> 
     </span>
     <span class='ocr_line' id='line_1_26' title="bbox 98 1762 1489 1799; baseline 0 -10"><span class='ocrx_word' id='word_1_209' title='bbox 98 1764 335 1798; x_wconf 58' lang='lat' dir='ltr'>251&gt;1&lt;A13D.›x‚</span> <span class='ocrx_word' id='word_1_210' title='bbox 377 1765 432 1790; x_wconf 81' lang='lat' dir='ltr'>Ex</span> <span class='ocrx_word' id='word_1_211' title='bbox 472 1763 683 1799; x_wconf 67' lang='lat' dir='ltr'>MANvssus,</span> <span class='ocrx_word' id='word_1_212' title='bbox 726 1764 781 1789; x_wconf 79' lang='lat' dir='ltr'>EX</span> <span class='ocrx_word' id='word_1_213' title='bbox 820 1763 1067 1790; x_wconf 73' lang='lat' dir='ltr'><strong>CORONARIO</strong></span> <span class='ocrx_word' id='word_1_214' title='bbox 1106 1763 1162 1789; x_wconf 82' lang='lat' dir='ltr'>AD</span> <span class='ocrx_word' id='word_1_215' title='bbox 1212 1762 1489 1796; x_wconf 74' lang='lat' dir='ltr'>QVOSCVMQVE</span> 
     </span>
     <span class='ocr_line' id='line_1_27' title="bbox 160 1827 1488 1862; baseline -0.001 -7"><span class='ocrx_word' id='word_1_216' title='bbox 160 1829 369 1855; x_wconf 70' lang='lat' dir='ltr'>PERVEMT</span> <span class='ocrx_word' id='word_1_217' title='bbox 407 1829 548 1862; x_wconf 77' lang='lat' dir='ltr'><strong>NEQVE</strong></span> <span class='ocrx_word' id='word_1_218' title='bbox 587 1829 785 1855; x_wconf 72' lang='lat' dir='ltr'>RELATVM</span> <span class='ocrx_word' id='word_1_219' title='bbox 825 1829 898 1855; x_wconf 81' lang='lat' dir='ltr'>EST</span> <span class='ocrx_word' id='word_1_220' title='bbox 941 1829 985 1854; x_wconf 80' lang='lat' dir='ltr'>IN</span> <span class='ocrx_word' id='word_1_221' title='bbox 1024 1828 1231 1855; x_wconf 77' lang='lat' dir='ltr'>PVBLICVM</span> <span class='ocrx_word' id='word_1_222' title='bbox 1268 1827 1407 1861; x_wconf 83' lang='lat' dir='ltr'><strong>NEQVE</strong></span> <span class='ocrx_word' id='word_1_223' title='bbox 1443 1827 1488 1854; x_wconf 83' lang='lat' dir='ltr'>1N</span> 
     </span>
     <span class='ocr_line' id='line_1_28' title="bbox 161 1881 1488 1932; baseline 0.001 -12"><span class='ocrx_word' id='word_1_224' title='bbox 161 1894 429 1921; x_wconf 77' lang='lat' dir='ltr'>MONVMENTO</span> <span class='ocrx_word' id='word_1_225' title='bbox 458 1884 768 1929; x_wconf 66' lang='lat' dir='ltr'>CONsmiPTVM,&#39;</span> <span class='ocrx_word' id='word_1_226' title='bbox 796 1882 835 1921; x_wconf 93' lang='lat' dir='ltr'>id</span> <span class='ocrx_word' id='word_1_227' title='bbox 866 1881 1039 1932; x_wconf 87' lang='lat' dir='ltr'>profiteri</span> <span class='ocrx_word' id='word_1_228' title='bbox 1066 1883 1174 1932; x_wconf 89' lang='lat' dir='ltr'>apud</span> <span class='ocrx_word' id='word_1_229' title='bbox 1205 1881 1336 1921; x_wconf 82' lang='lat' dir='ltr'>xviros</span> <span class='ocrx_word' id='word_1_230' title='bbox 1368 1888 1405 1920; x_wconf 92' lang='lat' dir='ltr'>et</span> <span class='ocrx_word' id='word_1_231' title='bbox 1436 1882 1488 1921; x_wconf 89' lang='lat' dir='ltr'>ad</span> 
     </span>
    </p>
   </div>
   <div class='ocr_carea' id='block_1_3' title="bbox 157 1989 1488 2292">
    <p class='ocr_par' dir='ltr' id='par_1_3' title="bbox 157 1989 1488 2292">
     <span class='ocr_line' id='line_1_29' title="bbox 203 1989 1488 2032; baseline -0.002 -9"><span class='ocrx_word' id='word_1_232' title='bbox 203 2003 265 2032; x_wconf 84' lang='lat'>4-5</span> <span class='ocrx_word' id='word_1_233' title='bbox 292 1993 378 2023; x_wconf 85' lang='lat' dir='ltr'>hunc</span> <span class='ocrx_word' id='word_1_234' title='bbox 399 2017 406 2023; x_wconf 89' lang='lat'>.</span> <span class='ocrx_word' id='word_1_235' title='bbox 429 2016 435 2022; x_wconf 94' lang='lat'>.</span> <span class='ocrx_word' id='word_1_236' title='bbox 458 2016 463 2022; x_wconf 96' lang='lat'>.</span> <span class='ocrx_word' id='word_1_237' title='bbox 484 1992 627 2023; x_wconf 83' lang='lat' dir='ltr'>fateatur</span> <span class='ocrx_word' id='word_1_238' title='bbox 643 2003 708 2023; x_wconf 85' lang='lat' dir='ltr'>om.</span> <span class='ocrx_word' id='word_1_239' title='bbox 728 2002 748 2021; x_wconf 82' lang='lat' dir='ltr'><em>n</em></span> <span class='ocrx_word' id='word_1_240' title='bbox 891 2003 909 2030; x_wconf 91' lang='lat'><strong>4</strong></span> <span class='ocrx_word' id='word_1_241' title='bbox 936 1991 1104 2031; x_wconf 87' lang='lat' dir='ltr'>publicum</span> <span class='ocrx_word' id='word_1_242' title='bbox 1122 2002 1159 2022; x_wconf 90' lang='lat' dir='ltr'>se</span> <span class='ocrx_word' id='word_1_243' title='bbox 1177 1991 1310 2031; x_wconf 73' lang='lat' dir='ltr'>scripsi:</span> <span class='ocrx_word' id='word_1_244' title='bbox 1335 1989 1488 2030; x_wconf 89' lang='lat' dir='ltr'>publicus</span> 
     </span>
     <span class='ocr_line' id='line_1_30' title="bbox 158 2034 1488 2075; baseline -0.003 -8"><span class='ocrx_word' id='word_1_245' title='bbox 158 2036 246 2067; x_wconf 81' lang='lat' dir='ltr'>codd.</span> <span class='ocrx_word' id='word_1_246' title='bbox 380 2037 400 2066; x_wconf 88' lang='lat'><strong>6</strong></span> <span class='ocrx_word' id='word_1_247' title='bbox 423 2037 532 2074; x_wconf 82' lang='lat' dir='ltr'>aliqua</span> <span class='ocrx_word' id='word_1_248' title='bbox 549 2035 687 2075; x_wconf 74' lang='lat' dir='ltr'>Madvtg</span> <span class='ocrx_word' id='word_1_249' title='bbox 705 2047 710 2065; x_wconf 77' lang='lat' dir='ltr'><em>z</em></span> <span class='ocrx_word' id='word_1_250' title='bbox 734 2034 797 2066; x_wconf 86' lang='lat' dir='ltr'>alia</span> <span class='ocrx_word' id='word_1_251' title='bbox 816 2034 904 2066; x_wconf 82' lang='lat' dir='ltr'>codd.</span> <span class='ocrx_word' id='word_1_252' title='bbox 1027 2046 1048 2073; x_wconf 93' lang='lat'><strong>9</strong></span> <span class='ocrx_word' id='word_1_253' title='bbox 1072 2040 1221 2065; x_wconf 87' lang='lat' dir='ltr'>veneunt</span> <span class='ocrx_word' id='word_1_254' title='bbox 1238 2034 1302 2064; x_wconf 81' lang='lat' dir='ltr'>Eele</span> <span class='ocrx_word' id='word_1_255' title='bbox 1318 2045 1324 2064; x_wconf 75' lang='grc' dir='ltr'><strong><em>ε</em></strong></span> <span class='ocrx_word' id='word_1_256' title='bbox 1348 2034 1488 2064; x_wconf 86' lang='lat' dir='ltr'>veniunt</span> 
     </span>
     <span class='ocr_line' id='line_1_31' title="bbox 159 2077 1486 2118; baseline -0.002 -8"><span class='ocrx_word' id='word_1_257' title='bbox 159 2084 225 2110; x_wconf 75' lang='lat' dir='ltr'>cell.</span> <span class='ocrx_word' id='word_1_258' title='bbox 364 2090 402 2110; x_wconf 94' lang='lat'>10</span> <span class='ocrx_word' id='word_1_259' title='bbox 426 2079 508 2118; x_wconf 83' lang='lat' dir='ltr'>tegit</span> <span class='ocrx_word' id='word_1_260' title='bbox 526 2078 703 2110; x_wconf 71' lang='lat' dir='ltr'>Manutius</span> <span class='ocrx_word' id='word_1_261' title='bbox 796 2079 878 2117; x_wconf 81' lang='lat' dir='ltr'>sorl.</span> <span class='ocrx_word' id='word_1_262' title='bbox 897 2083 948 2109; x_wconf 83' lang='lat' dir='ltr'>est</span> <span class='ocrx_word' id='word_1_263' title='bbox 966 2083 1096 2109; x_wconf 86' lang='lat' dir='ltr'>cautum</span> <span class='ocrx_word' id='word_1_264' title='bbox 1250 2087 1286 2107; x_wconf 81' lang='lat'>12</span> <span class='ocrx_word' id='word_1_265' title='bbox 1312 2077 1486 2108; x_wconf 79' lang='lat' dir='ltr'>marituma</span> 
     </span>
     <span class='ocr_line' id='line_1_32' title="bbox 157 2119 1488 2161; baseline -0.001 -8"><span class='ocrx_word' id='word_1_266' title='bbox 157 2122 268 2154; x_wconf 81' lang='lat' dir='ltr'>eMms</span> <span class='ocrx_word' id='word_1_267' title='bbox 405 2133 440 2161; x_wconf 81' lang='lat'>14</span> <span class='ocrx_word' id='word_1_268' title='bbox 466 2123 495 2153; x_wconf 88' lang='lat' dir='ltr'>ei</span> <span class='ocrx_word' id='word_1_269' title='bbox 516 2122 702 2154; x_wconf 71' lang='lat' dir='ltr'>Lambinus</span> <span class='ocrx_word' id='word_1_270' title='bbox 719 2134 724 2151; x_wconf 90' lang='lat'>:</span> <span class='ocrx_word' id='word_1_271' title='bbox 751 2127 782 2152; x_wconf 87' lang='lat' dir='ltr'>ct</span> <span class='ocrx_word' id='word_1_272' title='bbox 800 2121 887 2151; x_wconf 79' lang='lat' dir='ltr'>codd.</span> <span class='ocrx_word' id='word_1_273' title='bbox 1040 2123 1078 2151; x_wconf 79' lang='lat'>16</span> <span class='ocrx_word' id='word_1_274' title='bbox 1102 2120 1305 2151; x_wconf 86' lang='lat' dir='ltr'>cuicuimodi</span> <span class='ocrx_word' id='word_1_275' title='bbox 1324 2119 1488 2159; x_wconf 66' lang='lat' dir='ltr'>Madwjg:</span> 
     </span>
     <span class='ocr_line' id='line_1_33' title="bbox 158 2163 1488 2205; baseline -0.002 -8"><span class='ocrx_word' id='word_1_276' title='bbox 158 2166 259 2205; x_wconf 70' lang='lat' dir='ltr'>quid?</span> <span class='ocrx_word' id='word_1_277' title='bbox 287 2167 469 2197; x_wconf 84' lang='lat' dir='ltr'>cuiusmodi</span> <span class='ocrx_word' id='word_1_278' title='bbox 488 2166 574 2197; x_wconf 74' lang='lat' dir='ltr'>codd.</span> <span class='ocrx_word' id='word_1_279' title='bbox 681 2176 715 2204; x_wconf 89' lang='lat'>¹7</span> <span class='ocrx_word' id='word_1_280' title='bbox 743 2170 833 2195; x_wconf 82' lang='lat' dir='ltr'>totus</span> <span class='ocrx_word' id='word_1_281' title='bbox 850 2164 909 2200; x_wconf 55' lang='grc' dir='ltr'>ιῚΙμ</span> <span class='ocrx_word' id='word_1_282' title='bbox 979 2165 1147 2204; x_wconf 81' lang='lat' dir='ltr'>excipitur</span> <span class='ocrx_word' id='word_1_283' title='bbox 1166 2163 1353 2202; x_wconf 48' lang='lat' dir='ltr'>(-pith1k}</span> <span class='ocrx_word' id='word_1_284' title='bbox 1372 2163 1460 2194; x_wconf 84' lang='lat' dir='ltr'>codd.</span> <span class='ocrx_word' id='word_1_285' title='bbox 1479 2174 1488 2195; x_wconf 72' lang='grc' dir='ltr'><strong><em>ε</em></strong></span> 
     </span>
     <span class='ocr_line' id='line_1_34' title="bbox 159 2206 1483 2249; baseline 0 -10"><span class='ocrx_word' id='word_1_286' title='bbox 159 2221 235 2240; x_wconf 61' lang='lat' dir='ltr'>(ors.</span> <span class='ocrx_word' id='word_1_287' title='bbox 264 2209 423 2249; x_wconf 73' lang='lat' dir='ltr'>Pluygers</span> <span class='ocrx_word' id='word_1_288' title='bbox 593 2220 634 2240; x_wconf 64' lang='grc' dir='ltr'>ρο</span> <span class='ocrx_word' id='word_1_289' title='bbox 659 2209 705 2247; x_wconf 83' lang='lat' dir='ltr'>sit,</span> <span class='ocrx_word' id='word_1_290' title='bbox 731 2209 890 2247; x_wconf 82' lang='lat' dir='ltr'>indignor</span> <span class='ocrx_word' id='word_1_291' title='bbox 907 2207 1007 2238; x_wconf 65' lang='lat' dir='ltr'>Klotz</span> <span class='ocrx_word' id='word_1_292' title='bbox 1138 2206 1240 2237; x_wconf 88' lang='lat' dir='ltr'>Iubae</span> <span class='ocrx_word' id='word_1_293' title='bbox 1263 2206 1352 2238; x_wconf 86' lang='lat' dir='ltr'>codd.</span> <span class='ocrx_word' id='word_1_294' title='bbox 1373 2218 1379 2237; x_wconf 88' lang='lat'>:</span> <span class='ocrx_word' id='word_1_295' title='bbox 1404 2210 1483 2239; x_wconf 72' lang='lat' dir='ltr'>corr.</span> 
     </span>
     <span class='ocr_line' id='line_1_35' title="bbox 158 2250 1484 2292; baseline -0.001 -10"><span class='ocrx_word' id='word_1_296' title='bbox 158 2252 381 2283; x_wconf 73' lang='lat' dir='ltr'>Lauredamzs</span> <span class='ocrx_word' id='word_1_297' title='bbox 505 2261 546 2290; x_wconf 79' lang='lat'>23</span> <span class='ocrx_word' id='word_1_298' title='bbox 571 2253 735 2292; x_wconf 83' lang='lat' dir='ltr'>pecuniae</span> <span class='ocrx_word' id='word_1_299' title='bbox 754 2262 818 2282; x_wconf 78' lang='lat'>0111.</span> <span class='ocrx_word' id='word_1_300' title='bbox 835 2250 867 2280; x_wconf 88' lang='lat' dir='ltr'><em>E</em></span> <span class='ocrx_word' id='word_1_301' title='bbox 992 2259 1032 2290; x_wconf 88' lang='lat'>25</span> <span class='ocrx_word' id='word_1_302' title='bbox 1057 2250 1292 2290; x_wconf 89' lang='lat' dir='ltr'>quodcumque</span> <span class='ocrx_word' id='word_1_303' title='bbox 1310 2250 1426 2291; x_wconf 85' lang='lat' dir='ltr'>(quae-</span> <span class='ocrx_word' id='word_1_304' title='bbox 1449 2250 1484 2291; x_wconf 88' lang='lat' dir='ltr'>k)</span> 
     </span>
    </p>
   </div>
   <div class='ocr_carea' id='block_1_4' title="bbox 157 2292 949 2336">
    <p class='ocr_par' dir='ltr' id='par_1_4' title="bbox 157 2292 949 2336">
     <span class='ocr_line' id='line_1_36' title="bbox 157 2292 949 2336; baseline -0.004 -10"><span class='ocrx_word' id='word_1_305' title='bbox 157 2295 246 2327; x_wconf 81' lang='lat' dir='ltr'>codd.</span> <span class='ocrx_word' id='word_1_306' title='bbox 267 2308 274 2327; x_wconf 90' lang='lat'>:</span> <span class='ocrx_word' id='word_1_307' title='bbox 297 2307 376 2336; x_wconf 73' lang='lat' dir='ltr'>corr.</span> <span class='ocrx_word' id='word_1_308' title='bbox 393 2294 581 2336; x_wconf 74' lang='lat' dir='ltr'>Naugerius</span> <span class='ocrx_word' id='word_1_309' title='bbox 600 2296 650 2336; x_wconf 85' lang='lat'>(1)</span> <span class='ocrx_word' id='word_1_310' title='bbox 741 2305 780 2334; x_wconf 87' lang='lat'>27</span> <span class='ocrx_word' id='word_1_311' title='bbox 808 2294 902 2325; x_wconf 81' lang='lat' dir='ltr'>satcri</span> <span class='ocrx_word' id='word_1_312' title='bbox 917 2292 949 2324; x_wconf 90' lang='lat' dir='ltr'><em>E</em></span> 
     </span>
    </p>
   </div>
   <div class='ocr_carea' id='block_1_5' title="bbox 1516 87 1559 120">
    <p class='ocr_par' dir='ltr' id='par_1_5' title="bbox 1516 87 1559 120">
     <span class='ocr_line' id='line_1_37' title="bbox 1516 87 1559 120; baseline 0 0"><span class='ocrx_word' id='word_1_313' title='bbox 1516 87 1559 120; x_wconf 67' lang='lat'>57</span> 
     </span>
    </p>
   </div>
   <div class='ocr_carea' id='block_1_6' title="bbox 1512 621 1562 712">
    <p class='ocr_par' dir='ltr' id='par_1_6' title="bbox 1512 621 1562 712">
     <span class='ocr_line' id='line_1_38' title="bbox 1512 621 1562 648; baseline 0 0"><span class='ocrx_word' id='word_1_314' title='bbox 1512 621 1562 648; x_wconf 88' lang='lat'>22</span> 
     </span>
     <span class='ocr_line' id='line_1_39' title="bbox 1512 671 1552 712; baseline 0 -11"><span class='ocrx_word' id='word_1_315' title='bbox 1512 671 1552 712; x_wconf 82' lang='lat'>58</span> 
     </span>
    </p>
   </div>
   <div class='ocr_carea' id='block_1_7' title="bbox 1511 1433 1551 1467">
    <p class='ocr_par' dir='ltr' id='par_1_7' title="bbox 1511 1433 1551 1467">
     <span class='ocr_line' id='line_1_40' title="bbox 1511 1433 1551 1467; baseline 0.05 -2"><span class='ocrx_word' id='word_1_316' title='bbox 1511 1433 1551 1467; x_wconf 86' lang='lat'>59</span> 
     </span>
    </p>
   </div>
  </div>
 </body>
</html>
