1747 2620
208 105 292 144 717
622 97 678 134 Μ.
709 96 878 134 TVLLI
908 95 1217 135 CICERONIS

249 223 404 249 versum
447 210 596 261 privare
634 208 836 259 suffragiis,
876 221 1022 259 paucas
1061 208 1185 247 tribus
1224 221 1305 246 non
1350 214 1454 246 certa
1492 221 1582 246 con-

249 275 406 315 dicione
432 274 535 323 iuris,
568 275 638 313 sed
665 273 779 314 sortis
807 273 1004 313 beneficio
1035 272 1196 313 fortuito
1229 274 1281 312 ad
1312 273 1580 323 usurpandam

190 340 468 380 181ibertatem
516 352 666 379 vocare.
743 340 900 387 ‘Imm’
947 337 1089 389 inquit,
1136 342 1388 382 ‘EODEMQVE
1436 337 1581 384 MODO,'

187 941 225 974 ¹9

183 1890 221 1911 20

248 405 376 456 capite
407 406 540 452 altero,
576 407 650 442 ‘VT
682 416 870 443 COMITHS
900 415 1134 442 PONTIFICIS
1164 404 1352 441 MAXIML'
1379 437 1382 438 γ
1410 404 1472 441 Ne
1503 404 1580 441 hoc

246 470 409 521 quidem
447 469 555 517 vidit,
596 469 763 509 maiores
807 476 962 508 nostros
1005 476 1085 508 tam
1124 467 1244 507 fuisse
1282 467 1482 519 popularis
1525 474 1577 516 ut,
1601 480 1618 511 5

246 550 365 587 quem
395 550 463 587 per
491 536 684 587 populum
715 534 835 574 creari
866 535 922 574 fas
952 548 1034 574 non
1064 541 1145 574 erat
1170 541 1329 585 propter
1351 534 1578 584 religionem

246 616 456 649 sacrorum,
495 601 535 639 in
579 614 628 639 eo
666 608 799 639 tamen
842 607 1001 652 propter
1038 599 1343 651 amplitudinem
1387 599 1581 639 sacerdoti

246 666 439 706 voluerint
471 667 620 717 populo
654 665 875 716 supplicari.
935 667 1069 716 Atque
1103 666 1179 704 hoc
1214 666 1319 703 idem
1359 665 1409 703 de
1443 665 1580 704 ceteris

246 731 473 771 sacerdotiis
506 733 578 771 Cn.
617 731 832 779 Domitius,
865 731 1046 770 tribunus
1076 729 1213 781 plebis,
1246 729 1303 768 vir
1331 729 1578 778 clarissimus,

246 796 344 845 tulit,
368 798 476 847 quod
501 798 669 847 populus
692 810 759 846 per
785 796 1015 846 religionem
1042 795 1261 834 sacerdotia
1290 796 1477 834 mandare
1498 808 1578 833 non

246 870 407 913 poterat,
439 869 481 900 ut
515 861 643 900 minor
672 875 759 912 pars
790 861 925 912 populi
956 869 1184 908 vocaretur3
1217 861 1268 899 ab
1299 874 1344 899 ea
1374 867 1482 910 parte
1512 859 1579 910 qui

246 935 347 967 esset
368 928 504 974 faetus,
527 926 558 965 is
579 940 602 965 a
622 926 802 976 conlegio
827 933 1088 976 cooptaretur.
1147 924 1292 964 Videte
1313 925 1409 976 quid
1430 924 1580 964 intersit

244 992 344 1032 inter
378 993 452 1033 Cn.
486 992 722 1040 Domitium,
752 991 953 1031 tribunum
984 991 1122 1042 plebis,
1155 990 1359 1029 hominem
1390 989 1581 1029 nobilissi-

245 1072 364 1105 mum,
400 1065 438 1097 et
473 1060 514 1096 P.
550 1059 714 1096 Rullum
744 1056 812 1108 qui
841 1057 1056 1108 temptavit,
1090 1064 1132 1095 ut
1167 1057 1318 1107 opinor,
1350 1055 1579 1106 patientiam

244 1132 423 1170 vestram,
460 1137 550 1162 cum
587 1136 628 1161 se
668 1122 843 1161 nobilem
876 1136 961 1161 esse
1002 1122 1159 1161 diceret.
1223 1120 1434 1169 Domitius,
1472 1121 1580 1171 quod

244 1203 312 1240 per
338 1187 595 1228 caerimonias
624 1187 760 1239 populi
785 1186 865 1226 fieri
895 1201 974 1225 non
1005 1194 1168 1238 poterat,
1195 1186 1344 1225 ratione
1369 1187 1580 1225 adsecutus

243 1262 311 1302 est,
346 1263 388 1293 ut
422 1254 472 1302 id,
508 1255 640 1304 quoad
676 1261 819 1304 posset,
856 1254 988 1303 quoad
1021 1254 1077 1290 fas
1114 1260 1226 1299 esset,
1264 1253 1396 1302 quoad
1432 1252 1576 1299 liceret,

243 1321 378 1372 populi
404 1321 454 1359 ad
481 1320 599 1370 partis
627 1321 760 1363 da1·et;
791 1319 868 1363 hic,
890 1319 998 1370 quod
1030 1317 1164 1368 populi
1194 1331 1348 1369 Semper
1379 1316 1579 1368 proprium

243 1385 324 1433 suit,
366 1386 474 1436 quod
515 1399 632 1424 nemo
673 1383 881 1430 imminuit,
926 1397 1044 1423 nemo
1090 1382 1253 1421 mutavit
1297 1382 1392 1433 quin
1437 1382 1471 1421 ei
1512 1382 1577 1433 qui

242 1452 390 1501 populo
419 1463 530 1501 agros
561 1457 691 1488 essent
723 1449 963 1500 adsignaturi
1001 1456 1091 1487 ante
1125 1447 1348 1499 acciperent
1378 1462 1400 1486 a
1430 1449 1578 1499 populo
1601 1465 1614 1486 2

243 1516 480 1555 beneficium
520 1529 637 1566 quam
679 1516 828 1562 darent,
872 1515 911 1553 id
952 1522 1078 1553 totum
1124 1514 1271 1564 eripere
1310 1513 1422 1552 vobis
1460 1521 1578 1564 atque

242 1598 262 1621 e
284 1581 465 1620 manibus
495 1588 725 1631 extorquere
756 1588 921 1620 conatus
951 1588 1018 1619 est.
1081 1581 1162 1626 Ille,
1187 1580 1297 1629 quod
1317 1578 1400 1618 dari
1431 1580 1578 1629 populo

241 1649 349 1685 nullo
376 1648 495 1685 modo
517 1653 682 1696 poterat,
706 1653 837 1684 tamen
865 1647 1040 1696 quodam
1062 1645 1184 1683 modo
1206 1643 1340 1692 dedit3
1371 1643 1445 1691 hie,
1469 1644 1577 1694 quod

239 1711 359 1751 adimi
395 1713 503 1750 nullo
539 1719 655 1762 pacto
692 1719 832 1762 potest,
871 1719 1003 1749 tamen
1038 1711 1211 1760 quadam
1246 1709 1395 1764 ratione
1430 1708 1577 1760 eripere

240 1786 414 1817 conatur.

296 1848 467 1892 Quaeret
501 1841 695 1892 quispiam
733 1841 771 1879 in
804 1849 911 1880 tanta
941 1839 1080 1878 iniuria
1111 1847 1297 1890 tantaque
1332 1839 1579 1890 impudentia

240 1909 335 1960 quid
364 1909 557 1959 spectarit.
622 1910 715 1946 Non
746 1907 870 1946 defuit
901 1905 1136 1953 consilium,·
1175 1907 1272 1945 sides
1302 1920 1391 1956 erga
1421 1904 1589 1956 plebem

242 1976 477 2021 Romanam,
512 1972 695 2021 Quirites,
722 1971 898 2023 aequitas
925 1971 963 2009 in
985 1984 1054 2010 vos
1085 1970 1385 2022 libertatemque
1411 1979 1577 2010 vestram

283 2088 300 2107 2
329 2077 463 2108 soi-tuito
490 2075 572 2117 Lag.
601 2086 632 2114 9.
665 2074 861 2106 Mamilius:
898 2074 1036 2105 fortuitu
1062 2077 1127 2104 ccli.
1284 2081 1303 2110 3
1330 2071 1448 2101 eodem
1480 2070 1578 2100 modo

238 2121 285 2152 Eo
450 2122 470 2150 6
505 2131 602 2159 quem
631 2119 740 2149 Koch:
777 2118 866 2157 quod
899 2116 989 2149 codd.
1168 2127 1205 2145 12
1240 2120 1346 2154 coopt.
1375 2115 1428 2145 ’ἴε
1469 2118 1576 2152 coapt.

239 2169 303 2196 rell.
493 2175 529 2203 13
555 2162 742 2203 hominem]
770 2163 875 2192 virum
902 2161 934 2191 E
1121 2170 1158 2198 15
1187 2158 1351 2198 nobilem]
1381 2158 1575 2197 popularem

240 2208 399 2240 Zielinski
413 2213 465 2248 s).
484 2218 561 2240 COOl
737 2216 773 2245 17
800 2211 834 2236 ut
851 2217 915 2236 0111.
938 2205 984 2235 Ec
1155 2205 1191 2233 18
1216 2203 1386 2242 proprium
1405 2211 1538 2240 semper
1557 2211 1577 2230 ιι

243 2263 281 2292 19
305 2252 394 2292 quod
413 2262 477 2282 om.
497 2250 534 2280 N
664 2261 703 2279 :22
730 2249 854 2289 populo
872 2259 936 2280 om.
958 2248 988 2278 li
1119 2257 1159 2285 23
1186 2252 1299 2277 tamen
1316 2256 1381 2276 0111.
1404 2244 1435 2274 E
1537 2254 1573 2280 24

242 2300 353 2335 potest
387 2300 497 2325 tamen
531 2293 674 2324 Kalml:
716 2298 847 2332 poterat
884 2296 1050 2332 potestate
1091 2290 1203 2320 codd:
1246 2294 1380 2329 poterat
1422 2292 1575 2327 potestve

242 2339 392 2369 Muretus
562 2348 601 2376 27
628 2337 708 2376 quid
726 2336 839 2375 Mfffi':
864 2336 953 2375 quod
972 2334 1051 2365 EcN
1182 2338 1337 2373 spectant
1355 2331 1442 2363 codd.
1464 2342 1471 2361 :
1495 2341 1572 2361 corr.

241 2381 430 2424 Naugerius
450 2381 499 2423 (1)
635 2381 675 2411 28
701 2380 850 2419 Quirites
867 2379 1004 2410 Baiter:
1030 2388 1093 2418 que
1111 2387 1147 2409 c:
1172 2387 1237 2408 om.
1258 2380 1322 2408 cett.

1602 810 1640 832 10

1600 1792 1638 1824 25
