1747 2620
149 84 202 126 33
222 82 262 122 83
595 78 650 114 M.
685 77 854 114 TVLLI
887 74 1194 115 CICERONIS

219 190 443 238 abduceret,
486 188 705 229 sestertium
742 189 899 228 viciens.
962 191 1012 228 Et
1047 203 1137 228 eum
1170 196 1211 228 tu
1245 203 1406 229 accusas
1439 190 1557 229 avari-

219 255 295 294 tiae
328 268 446 305 quem
477 255 574 294 dicis
605 254 825 294 sestertium
848 253 994 294 viciens
1015 254 1185 294 voluisse
1204 256 1396 306 perdere?
1452 256 1556 294 Nam

220 320 315 371 quid
347 320 515 368 emebat,
540 333 631 358 cum
657 327 695 358 te
724 320 912 359 emebat?
941 327 983 358 ut
1007 321 1057 358 ad
1085 333 1127 358 se
1154 319 1366 359 transires?
1425 319 1557 367 Quam

219 393 369 436 partem
406 398 547 424 causae
587 384 658 423 tibi
699 386 914 424 daremus?
970 387 1035 424 An
1065 392 1107 423 ut
1138 385 1360 424 enuntiares
1394 384 1559 425 consilia

221 452 359 491 Laeli?
388 451 454 501 qui
484 458 603 490 testes
633 451 683 488 ab
711 464 759 489 eo
787 450 1018 501 prodirent?
1076 450 1214 500 Quid?
1245 464 1318 489 nos
1345 464 1427 489 non
1454 450 1558 489 vide-

222 517 390 555 bamus?
447 515 641 555 Habitare
673 518 783 554 una?
840 515 940 565 Quis
980 516 1056 553 hoc
1097 515 1253 553 nescit?
1309 516 1482 553 Tabulas
1516 515 1556 553 in

222 583 329 621 Laeli
360 587 554 632 potestate
588 579 736 619 fuisse?
794 581 902 618 Num
932 579 1098 618 dubium
1133 581 1220 618 est?
1276 582 1339 618 An
1366 593 1414 618 ne
1446 580 1558 619 vehe-

222 653 383 693 menter,
417 659 466 685 ne
496 645 656 696 copiose
687 647 922 684 accusares?
994 646 1113 684 Nunc
1143 645 1237 684 facis
1265 645 1530 695 suspicionem
1547 658 1559 693 3

221 710 274 750 ita
312 711 418 750 enim
466 710 595 750 dixisti
635 717 677 749 ut
717 710 851 749 nescio
901 710 997 761 quid
1036 724 1058 749 a
1097 717 1135 749 te
1173 710 1423 762 impetratum
1471 722 1557 748 esse

223 776 409 816 videatur.

151 828 205 868 34
278 844 331 880 At
355 841 460 880 enim
486 841 667 880 Androni
697 840 857 880 Sextilio
884 840 1008 891 gravis
1037 840 1176 879 iniuria
1204 842 1305 880 facta
1334 847 1450 879 estet
1476 852 1556 878 non

183 891 202 921 4
220 908 393 955 ferenda,
415 908 536 957 quod,
557 920 648 945 cum
671 914 772 945 esset
794 906 876 945 eius
898 920 994 945 uxor
1010 906 1165 945 Valeria
1185 906 1370 945 intestato
1391 913 1554 952 mortua,

221 972 276 1011 sic
324 972 402 1023 egit
445 985 532 1011 eam
581 986 662 1011 rem
713 973 877 1010 Flaccus
928 971 1039 1022 quasi
1088 972 1139 1010 ad
1184 971 1312 1022 ipsum
1362 970 1557 1010 hereditas

222 1037 442 1089 pertineret.
504 1039 551 1076 In
585 1051 666 1087 quo
700 1037 796 1088 quid
826 1038 1088 1088 reprehendas
1123 1036 1220 1076 scire
1247 1036 1375 1087 cupio.
1434 1035 1556 1085 Quod

223 1105 363 1143 falsum
392 1102 632 1142 intenderit?
690 1102 770 1152 Qui
800 1104 950 1141 doces?
1008 1103 1231 1153 ‘Ingenua,'
1266 1101 1404 1152 inquit,
1435 1101 1556 1140 ‘fuit’

224 1170 260 1208 O
283 1168 451 1219 peritum
477 1167 568 1206 iuris
593 1167 821 1206 hominem!
880 1166 1019 1216 Quid?
1046 1168 1097 1206 ab
1125 1166 1303 1218 ingenuis
1328 1165 1557 1205 mulieribus

226 1233 462 1273 hereditates
492 1234 577 1283 lege
609 1246 689 1270 non
720 1231 912 1271 veniunt?
969 1233 1041 1270 ‘In
1072 1233 1258 1279 manum,'
1280 1231 1421 1282 inquit,
1444 1234 1558 1269 ‘con-

225 1300 408 1337 venerat.'
466 1300 584 1337 Nunc
615 1298 759 1345 audio,
798 1299 868 1337 sed
899 1311 1056 1348 quaero,
1092 1311 1164 1336 usu
1195 1311 1246 1336 an
1278 1296 1559 1346 coemptione?

224 1366 309 1402 Vsu
352 1377 432 1402 non
477 1363 629 1414 potuit;
677 1363 773 1401 nihil
811 1362 916 1402 enim
955 1370 1084 1414 potest
1126 1364 1177 1401 de
1224 1364 1345 1401 tutela
1387 1361 1559 1412 legitima

225 1429 299 1468 nisi
329 1429 508 1468 omnium
539 1424 713 1467 tutoruin
744 1428 975 1467 auctoritate
1005 1428 1194 1467 deminui.
1265 1427 1558 1478 Coemptione?

226 1494 424 1534 Omnibus
450 1508 541 1544 ergo
568 1493 820 1541 auctoribus,
858 1494 897 1532 in
924 1493 1068 1544 quibus
1097 1495 1413 1533 certe.Flaccum
1440 1492 1558 1532 fuisse

163 1564 203 1606 85
226 1573 307 1599 non
333 1560 453 1599 dices.
514 1559 765 1610 Relinquitur
792 1559 887 1598 illud
918 1560 1026 1609 quod
1055 1558 1256 1598 vociferari
1286 1572 1367 1596 non
1396 1558 1555 1605 destitit,

226 1639 307 1664 non
342 1625 538 1673 debuisse,
578 1639 669 1664 cum
709 1632 863 1676 praetor
901 1633 1014 1672 esset,
1055 1638 1170 1663 suum
1209 1624 1412 1675 negotium
1443 1637 1558 1674 agere

225 1698 291 1729 aut
331 1690 572 1730 mentionem
613 1692 740 1729 facere
784 1689 1020 1728 hereditatis.
1083 1689 1277 1728 Maximas
1315 1689 1435 1727 audio
1474 1689 1556 1736 tibi,

228 1758 269 1795 L.
299 1757 471 1803 Luculle,
496 1755 562 1806 qui
584 1756 634 1795 de
657 1757 698 1794 L.
723 1756 866 1793 Flacco
894 1755 1129 1794 sententiam
1150 1757 1296 1793 laturus
1323 1768 1377 1802 es,
1398 1767 1468 1804 pro
1490 1761 1556 1792 tua
1603 1774 1614 1782 -

226 1820 368 1860 eximia
402 1820 632 1859 liberalitate
667 1820 926 1871 maximisque
966 1820 1168 1859 beneficiis
1202 1820 1240 1857 in
1281 1827 1368 1858 tuos
1402 1819 1556 1859 venisse

227 1886 474 1933 hereditates,
525 1900 615 1924 cum
664 1886 798 1924 Asiam
853 1885 1093 1936 provinciam
1145 1884 1339 1923 consulari
1390 1883 1556 1934 imperio

226 1950 432 1989 obtineres.
493 1951 533 1989 Si
572 1949 659 2001 quis
698 1964 763 1990 eas
802 1964 890 1989 suas
930 1964 1015 1989 esse
1053 1950 1225 1997 dixisset,
1265 1949 1557 1988 concessisses?

225 2018 300 2062 Tu,
334 2018 380 2054 Τ.
417 2016 532 2063 Vetti,
559 2016 590 2055 si
626 2029 728 2066 quae
762 2016 832 2055 tibi
858 2017 897 2054 in
918 2015 1050 2054 Africa
1079 2015 1228 2054 venerit
1254 2014 1459 2061 hereditas,
1481 2027 1556 2054 usu

1577 469 1594 501 5

1580 792 1617 815 10

1579 1444 1617 1466 20

269 2131 288 2151 2
313 2121 395 2151 dicis
412 2120 482 2151 edd.
507 2120 588 2150 VR:
615 2120 706 2150 dices
725 2120 792 2159 Σὺχ
809 2131 815 2150 :
839 2120 955 2151 dicens
973 2119 1080 2151 schol.
1253 2130 1270 2159 7
1295 2118 1389 2159 num]
1407 2129 1472 2149 non
1491 2129 1556 2158 χιε
1580 2118 1587 2124 ’

227 2175 301 2195 nam
319 2165 339 2194 k
513 2175 533 2203 9
558 2175 576 2194 a
594 2175 659 2195 om.
681 2163 716 2195 2¹
733 2175 739 2193 ε
765 2165 823 2194 abs
840 2163 1031 2204 Naugerius
1050 2163 1098 2204 (2)
1280 2164 1315 2193 '11
1345 2163 1492 2193 Sestulio
1510 2166 1556 2194 Στ

227 2208 386 2239 Sestullio
405 2219 439 2246 χ,
453 2206 560 2238 Sclzol.
719 2217 756 2236 12
782 2208 940 2238 intestata
958 2207 1014 2246 χθ-
1171 2216 1207 2245 17
1233 2216 1365 2237 manum
1383 2206 1424 2237 k:
1454 2216 1555 2236 manu

226 2255 290 2282 cett.
408 2252 446 2281 18
470 2262 511 2282 an
528 2250 602 2281 Bk:
625 2250 678 2280 vel
696 2250 726 2280 ὁὶ
743 2261 749 2280 :
773 2261 840 2282 om.
859 2253 924 2282 cett.
1045 2261 1082 2290 19
1108 2250 1195 2282 enim
1213 2260 1278 2280 om.
1296 2249 1402 2280 Schol.
1511 2258 1555 2280 20

227 2294 290 2324 nisi
317 2293 422 2325 Scltol.
443 2306 450 2324 z
480 2295 554 2325 sine
578 2293 666 2325 codd.
832 2304 873 2333 23
898 2293 1069 2325 debuisset
1086 2298 1110 2326 Σ
1276 2303 1319 2334 29
1341 2292 1433 2329 Vetti
1450 2291 1552 2327 Lam·

226 2337 324 2368 binus
340 2338 435 2368 Vecti
452 2337 541 2370 codd.
632 2348 719 2377 quae
738 2339 781 2368 2:
807 2347 872 2377 qua
888 2341 953 2368 cell.
