1716 2662
472 92 531 129 IN
564 92 607 128 L.
640 91 889 129 PISONEM
921 90 1139 129 ORATIO
1429 102 1473 138 13
1495 108 1535 139 30

141 209 256 252 capta
288 216 328 242 re
363 202 530 254 publica,
566 210 703 241 contra
733 200 861 240 omnis
895 202 999 251 leges
1034 202 1143 239 nullo
1176 200 1319 251 scripta
1350 215 1472 248 more,

141 268 243 305 hanc
276 267 343 318 qui
376 282 418 307 se
449 275 623 306 metuere
652 267 843 314 dicerent,
872 267 1056 304 consules
1083 279 1164 304 non
1193 265 1323 304 dicam
1350 266 1469 305 animi

140 331 360 380 hominum,
381 333 452 371 sed
473 332 559 370 fasti
581 331 648 370 ulli
670 333 767 370 ferre
788 332 982 381 possunt?
1040 332 1143 369 Nam
1164 330 1196 369 si
1217 330 1321 369 illam
1343 333 1468 382 legem

139 410 220 436 non
240 397 448 447 putabatis,
472 411 574 448 quae
594 404 675 436 erat
699 404 835 435 contra
855 395 983 434 omnis
1004 396 1108 446 leges
1133 395 1351 435 indemnati
1376 396 1469 434 civis

101 479 118 511 5
138 470 256 512 atque
286 462 423 513 integri
451 462 588 513 capitis
614 463 889 512 bonorumque
919 460 1128 499 tribunicia
1154 461 1401 512 proscriptio,
1422 475 1469 500 ac

139 535 271 566 tamen
306 528 480 567 obstricti
512 527 695 579 pactione
730 526 982 573 tenebamini,
1015 526 1102 577 quis
1132 541 1202 566 vos
1237 541 1317 566 non
1348 529 1468 566 modo

138 595 321 632 consules
364 595 434 632 sed
482 593 625 632 liberos
664 592 783 631 fuisse
825 600 948 643 putet,
988 606 1156 642 quorum
1205 606 1316 631 mens
1355 591 1468 631 fuerit

138 672 325 708 oppressa
345 658 530 710 praemio,
560 658 693 709 lingua
721 657 878 696 astricta
905 658 1116 696 mercede?
1173 657 1240 698 Sin
1272 658 1378 696 illam
1399 672 1468 696 vos

137 723 209 761 soli
248 725 374 774 legem
412 723 620 775 putabatis,
661 723 870 774 quisquam
910 736 978 761 vos
1011 724 1193 762 consules
1222 731 1318 762 tunc
1350 722 1468 762 fuisse

80 801 118 824 10
137 796 203 826 aut
257 803 364 828 nunc
410 803 495 828 esse
543 788 757 828 consularis
806 795 926 838 putet,
969 787 1035 837 qui
1084 787 1167 826 eius
1215 787 1380 826 civitatis
1427 787 1466 826 in

137 867 214 904 qua
257 853 296 892 in
341 853 562 905 principum
606 867 771 892 numero
814 852 929 891 voltis
973 866 1058 891 esse
1100 866 1181 891 non
1225 854 1341 903 leges,
1386 866 1466 891 non

136 919 324 966 instituta,
366 933 446 958 non
487 933 625 966 mores,
662 932 743 957 non
783 918 866 956 iura
904 917 1070 956 noritis?
1137 920 1212 965 An,
1254 932 1343 956 cum
1382 932 1524 968 pro-31

136 983 417 1023 ficiscebamini
445 984 620 1034 paludati
646 984 686 1023 in
712 983 932 1035 provincias
952 984 1013 1021 vel
1040 991 1192 1033 emptas
1213 984 1273 1021 vel
1300 992 1463 1034 ereptas,

136 1051 318 1088 consules
352 1062 421 1087 vos
449 1049 657 1099 quisquam
686 1048 866 1098 putavit?
925 1050 1075 1098 Itaque,
1109 1049 1239 1095 credo,
1273 1047 1302 1085 si
1336 1047 1465 1086 minus

79 1127 116 1160 15
136 1114 353 1164 frequentia
374 1127 442 1153 sua
462 1122 633 1153 vestrum
656 1127 853 1164 egressum
876 1114 1055 1152 ornando
1075 1120 1194 1162 atque
1214 1113 1465 1161 celebrando,

134 1186 173 1217 at
200 1178 399 1217 ominibus
432 1180 570 1217 saltem
607 1179 721 1217 bonis
749 1186 791 1216 ut
825 1179 1018 1225 consules,
1045 1191 1126 1216 non
1162 1177 1390 1216 tristissimis
1422 1185 1464 1216 ut

134 1245 266 1282 hostes
287 1251 353 1282 aut
375 1244 592 1294 proditores
615 1243 964 1294 prosequebantur.

188 1310 303 1346 Tunc
337 1308 465 1354 ctiam,
494 1308 823 1347 immanissimum
848 1321 894 1345 ac
923 1307 1195 1345 foedissimum
1230 1315 1460 1355 monstrum,
1483 1319 1526 1356 14

133 1387 250 1412 ausus
280 1387 320 1411 es
349 1387 480 1412 meum
509 1374 726 1418 discessum
752 1373 861 1410 illum
891 1380 1030 1410 testem
1056 1372 1211 1411 sceleris
1239 1380 1276 1411 et
1301 1373 1462 1412 crudeli-

75 1453 115 1474 20
136 1440 222 1476 tatis
251 1446 339 1477 tuae
367 1440 407 1477 ia
437 1438 635 1477 maledicti
666 1447 703 1477 et
733 1437 997 1477 contumeliae
1024 1438 1113 1475 1060
1137 1439 1313 1487 ponere?
1369 1439 1461 1486 Quo

133 1503 293 1554 quidem
325 1511 501 1554 tempore
531 1503 628 1554 cepi,
661 1511 788 1553 patres
815 1501 1036 1551 conscripti,
1068 1503 1237 1540 fructum
1267 1502 1462 1542 immorta-

132 1571 209 1608 lem
237 1568 351 1607 vestri
374 1568 412 1606 in
439 1583 500 1607 1116
525 1577 562 1607 et
589 1568 732 1607 amoris
754 1576 791 1607 ct
820 1567 965 1614 iudici3
995 1566 1059 1617 qui
1091 1581 1172 1606 non
1196 1568 1462 1607 admurmura-

133 1634 240 1673 tione
279 1635 348 1673 scd
387 1648 485 1673 voce
527 1642 565 1673 et
604 1636 775 1672 clamore
813 1632 957 1672 abiecti
996 1631 1167 1671 hominis
1206 1646 1252 1671 ac
1285 1633 1461 1672 semivivi

132 1701 301 1738 furorem
336 1700 673 1751 petulantiamque
704 1699 878 1750 fregistis.
939 1699 1001 1736 Tu
1034 1699 1183 1736 luctum
1214 1706 1382 1746 senatus,
1418 1706 1459 1737 tu
1481 1718 1519 1748 32

74 1778 111 1809 25
133 1764 371 1803 desiderium
423 1765 612 1815 equestris
660 1764 819 1811 ordinis,
871 1771 912 1802 tu
947 1764 1168 1813 squalorem
1223 1763 1369 1810 Italiae,
1418 1771 1458 1801 tu

133 1829 262 1868 curiae
310 1829 613 1869 taciturnitatem
662 1843 846 1876 annuam,
897 1836 938 1866 tu
987 1828 1185 1866 silentium
1226 1837 1458 1878 perpetuum

130 1893 363 1933 iudiciorum
413 1909 458 1934 ac
511 1895 593 1943 fori,
644 1903 685 1934 tu
720 1903 848 1933 cetera
900 1893 965 1931 illa
1020 1893 1059 1931 in
1117 1893 1314 1932 maledicti
1370 1895 1458 1932 loco

130 1972 254 2009 pones
292 1973 393 2010 quae
438 1973 547 1999 meus
581 1960 776 1999 discessus
811 1959 862 1997 rei
896 1957 1077 2009 publicae
1111 1959 1269 1996 volnera
1298 1957 1459 1996 inflixit?

132 2024 211 2073 Qui
239 2024 270 2062 si
295 2024 654 2064 calamitosissimus
684 2025 830 2072 fuisset,
854 2032 986 2062 tamen
1016 2022 1281 2061 misericordia
1305 2022 1459 2073 dignior

175 2139 194 2158 2
219 2127 394 2169 consules]
413 2129 475 2160 hos
492 2130 652 2161 consules
668 2129 700 2159 E
814 2140 829 2167 4
859 2127 1039 2168 putabatis]
1059 2127 1211 2166 putabam
1231 2126 1282 2156 his
1298 2125 1329 2156 E
1438 2136 1457 2166 5

131 2183 168 2203 ac
192 2171 355 2202 Wunder:
390 2173 448 2203 hac
476 2173 563 2204 codd.
740 2175 759 2204 8
783 2172 936 2203 asstricta
962 2171 993 2200 E
1173 2172 1211 2200 16
1235 2170 1284 2210 at]
1303 2176 1402 2209 atquc
1428 2170 1459 2200 E

131 2216 296 2246 ominibus
315 2214 350 2253 6²,
371 2215 573 2246 Beroaldus:
598 2216 790 2247 hominibus
809 2216 888 2255 χἸεῑ
916 2215 1071 2246 omnibus
1090 2217 1154 2244 cell.
1323 2224 1357 2252 ¹7
1383 2214 1455 2255 aut]

131 2269 168 2289 ac
180 2257 285 2288 Halm
378 2260 668 2298 prosequebantur
680 2260 745 2299 Εφ,
759 2259 826 2291 cdd.
847 2258 908 2288 VR
925 2270 930 2287 :
957 2257 1246 2297 persequebantur
1262 2260 1325 2287 cvlf.
1422 2259 1458 2286 18

131 2302 248 2341 etiam]
267 2302 376 2340 etiam,
395 2314 414 2332 υ
435 2303 510 2334 sus.
656 2314 698 2334 20
723 2304 754 2333 in
773 2303 878 2343 suppl.
899 2302 1006 2332 Halm
1141 2311 1182 2340 23
1207 2311 1243 2330 ac
1261 2300 1292 2330 E
1309 2312 1315 2330 :
1340 2306 1372 2331 ct
1390 2304 1453 2331 tell.

90 2362 94 2366 ·
130 2345 280 2375 semiviri
298 2345 380 2384 Lag.
401 2356 432 2384 9,
450 2345 582 2386 Duss‘gcr
695 2349 734 2377 CS-
761 2346 918 2377 inflixerit
933 2344 1026 2375 Bake
1135 2355 1177 2384 29
1198 2343 1255 2383 qui
1274 2344 1301 2374 si
1319 2343 1358 2374 M
1374 2355 1454 2385 mg„

131 2388 182 2419 ⁴3⁴:
205 2388 300 2428 quasi
316 2392 380 2420 cctl.
