1716 2662
488 62 599 102 PRO
630 64 672 101 L.
705 63 925 102 FLACCO
956 63 1173 102 ORATIO
1436 73 1488 100 20
1510 75 1552 110 47

163 173 331 225 pecunia
362 174 506 224 petitur
535 174 587 212 ab
623 173 855 224 Hermippo.
917 173 1160 224 Hermippus
1193 173 1245 212 ab
1276 174 1489 213 Heraclida

163 239 284 290 petit,·
326 239 409 289 ipse
441 247 574 277 tamen
610 238 730 277 Fufiis
762 238 854 276 satis
892 238 984 277 facit
1022 238 1252 277 absentibus
1292 246 1330 277 et
1368 239 1488 278 fidem

163 318 273 343 suam
305 304 467 353 liberat3
508 305 615 342 hunc
645 311 891 342 aestuantem
924 311 962 343 et
993 304 1313 354 tergiversantem
1342 303 1489 343 iudicio

163 369 227 408 ille
271 369 525 420 persequitur.
597 372 633 407 A
676 369 1013 419 recuperatoribus
1062 383 1179 408 causa
1227 370 1487 420 cognoscitur.

123 443 140 475 5
163 434 297 473 Nolite
326 434 555 481 existimare,
578 433 738 481 iudices,
772 448 854 473 non
883 448 1002 473 unam
1035 442 1072 473 et
1104 436 1271 474 eandem
1304 435 1489 474 omnibus
1511 439 1550 479 48

162 498 201 537 in
240 499 336 538 locis
374 513 458 538 esse
497 500 763 538 fraudatorum
803 507 842 538 et
884 499 1138 538 infitiatorum
1187 500 1486 550 impudentiam.

162 564 272 602 Fecit
303 565 440 602 eadem
477 564 611 602 omnia
638 577 739 613 quae
770 563 891 602 nostri
922 564 1120 603 debitores
1152 566 1304 613 solent3
1335 565 1489 615 negavit

161 642 245 667 sese
276 629 438 667 omnino
459 642 656 667 versuram
686 630 805 666 ullam
836 628 975 667 fecisse
1005 631 1184 678 Romae3
1216 631 1416 669 Fufiorum
1447 644 1488 669 se

159 694 379 732 adfirmavit
408 707 626 744 numquam
648 693 811 732 omnino
841 707 988 733 nomen
1009 695 1189 742 audisse;
1221 695 1486 746 Hermippum

104 770 142 792 10
160 772 251 797 vero
272 759 411 809 ipsum,
435 758 766 809 pudentissimum
795 766 914 809 atque
944 759 1139 809 optimum
1161 759 1296 806 virum,
1316 768 1486 798 veterem

159 823 330 861 amicum
369 832 487 874 atque
526 824 723 874 hospitem
772 838 916 871 meum,
958 824 1319 875 splendidissimum
1369 833 1487 876 atque

159 888 450 927 ornatissimum
475 888 642 928 civitatis
671 903 775 936 suae,
799 889 950 940 probris
973 890 1157 928 omnibus
1188 890 1487 941 maledictisque

159 962 283 992 vexat.
342 955 420 992 Sed
441 967 531 992 cum
560 967 601 992 se
629 955 750 992 homo
770 954 953 992 volubilis
974 956 1145 1004 quadam
1167 955 1369 1006 praecipiti
1390 957 1488 994 cele-

158 1018 270 1057 ritate
301 1018 460 1057 dicendi
491 1018 531 1056 in
563 1018 629 1057 illa
654 1018 831 1057 oratione
861 1018 1030 1066 iactaret,
1062 1027 1223 1070 repente
1252 1019 1486 1059 testimoniis

101 1094 137 1126 15
160 1085 361 1122 Fufiorum
391 1084 700 1134 nominibusque
730 1084 900 1123 recitatis
934 1086 1056 1123 homo
1091 1086 1378 1124 audacissimus
1403 1100 1486 1136 per-

157 1148 296 1197 timuit,
315 1149 615 1199 loquacissimus
630 1149 839 1188 obmutuit.
890 1151 1031 1201 Itaque
1044 1159 1334 1201 recuperatores
1349 1159 1485 1190 contra

156 1213 275 1252 istum
312 1228 395 1253 rem
434 1214 597 1253 minime
635 1215 798 1254 dubiam
838 1215 963 1266 prima
1003 1216 1159 1255 actione
1198 1217 1482 1256 iudicaverunt.

155 1279 258 1319 Cum
289 1279 505 1319 iudicatum
533 1294 615 1319 non
641 1282 796 1328 faceret,
819 1281 1002 1320 addictus
1034 1282 1257 1333 Hermippo
1278 1290 1315 1321 et
1335 1283 1386 1321 ab
1406 1284 1483 1322 hoc

155 1345 297 1383 ductus
318 1353 385 1383 est.
443 1345 611 1384 Habetis
631 1353 670 1384 et
690 1347 938 1384 honestatem
959 1346 1130 1388 hominis
1151 1355 1189 1386 et
1209 1347 1481 1387 auctoritatem
1503 1333 1545 1360 ²¹

96 1425 136 1447 20
155 1409 354 1448 testimoni
376 1418 413 1449 et
434 1424 592 1449 causam
614 1424 774 1449 omnem
802 1411 1019 1450 simultatis.
1079 1414 1211 1463 Atque
1241 1413 1272 1451 is
1301 1414 1351 1452 ab
1384 1415 1482 1452 Her·
1503 1395 1544 1425 49

155 1475 290 1526 mippo
321 1475 472 1523 missus,
496 1490 587 1514 cum
605 1476 639 1514 ei
661 1489 787 1527 pauca
816 1476 1013 1527 mancipia
1029 1477 1283 1525 vendidisset,
1309 1480 1479 1518 Romam

153 1553 194 1578 se
225 1540 405 1588 contulit,
433 1541 579 1579 deinde
608 1541 648 1580 in
675 1540 812 1580 Asiam
846 1541 969 1589 rediit,
992 1556 1083 1580 cum
1119 1542 1195 1581 iam
1226 1544 1340 1582 frater
1368 1558 1480 1582 meus

152 1606 295 1644 Flacco
325 1606 587 1645 successisset.
647 1608 712 1644 Ad
733 1620 852 1656 quem
872 1607 967 1646 adiit
996 1621 1233 1658 causamque
1254 1608 1306 1646 ita
1327 1609 1476 1656 detulit,

151 1679 444 1720 recuperatores
463 1671 501 1710 vi
522 1671 653 1709 Flacci
674 1679 832 1710 coactos
863 1680 900 1710 et
922 1680 1027 1710 metu
1049 1674 1189 1710 falsum
1218 1673 1359 1712 invitos
1380 1674 1480 1713 iudi-

91 1747 132 1780 ²5
152 1735 310 1774 cavisse.
371 1738 503 1774 frater
536 1750 647 1774 meus
681 1750 752 1787 pro
782 1750 852 1775 sua
879 1737 1076 1786 aequitate
1100 1738 1386 1789 prudentiaque
1415 1741 1479 1778 de-

151 1800 270 1839 crevit
302 1809 355 1849 ut,
390 1801 421 1840 si
456 1801 672 1840 iudicatum
705 1809 872 1851 negaret,
911 1801 949 1839 in
982 1803 1146 1852 duplum
1180 1802 1274 1851 iret3
1304 1804 1335 1842 si
1369 1812 1476 1843 metu

148 1873 307 1904 coactos
337 1866 494 1912 diceret,
519 1867 681 1906 liaberet
708 1868 871 1905 eosdem
901 1876 1204 1917 recuperatores
1265 1870 1476 1908 Recusavit

148 1939 197 1978 ct,
220 1932 330 1981 quasi
361 1932 457 1970 nihil
485 1940 586 1970 essct
616 1940 758 1979 actum,
784 1932 879 1970 nibil
912 1932 1137 1980 iudicatum,
1171 1934 1220 1971 ab
1253 1935 1476 1985 Hermippo

149 1996 295 2034 ibidem
337 1997 532 2046 mancipia
566 2010 668 2047 quae
705 1997 788 2047 ipse
822 1997 856 2036 ei
892 1998 1120 2036 vendiderat
1160 2007 1291 2048 petere
1330 2000 1473 2050 coepit.

90 2074 129 2102 30
150 2062 205 2099 M.
243 2062 442 2100 Gratidius
481 2064 644 2113 legatus,
676 2063 726 2100 ad
759 2077 877 2113 quem
911 2071 968 2101 est
1002 2064 1164 2110 aditum,
1202 2064 1398 2102 actionem
1432 2078 1474 2103 se

147 2127 329 2164 daturum
352 2127 530 2177 negavit;
560 2141 600 2166 re
620 2128 791 2166 iudicata
812 2128 901 2166 stari
924 2129 1096 2167 ostendit
1118 2130 1281 2179 placere.
1325 2130 1473 2168 Iterum
1495 2150 1536 2183 50

188 2230 207 2258 8
233 2239 269 2259 se
303 2229 492 2270 Naugerius
518 2230 588 2262 (ΞΜ
621 2232 682 2261 scd
713 2232 787 2271 (sed
815 2238 846 2262 ct
873 2232 892 2261 k
929 2231 1017 2262 codd.
1201 2243 1236 2270 14
1263 2233 1472 2264 orationek:

147 2273 356 2346 ζὲἓῐείηεῖίῗεη.
537 2276 574 2305 16
600 2276 774 2306 ommutuit
791 2274 880 2306 codd.
899 2278 926 2305 et
941 2275 1047 2306 Schol.
1229 2286 1269 2306 22
1296 2277 1394 2307 rediit
1412 2277 1451 2307 bk
1466 2288 1472 2307 ε
