1747 2620
159 98 212 134 30
232 103 273 136 92,
603 87 659 123 M.
691 84 858 122 TVLLI
891 82 1198 123 CICERONIS

233 203 316 239 Sex.
355 198 492 247 Naevi,
529 212 609 237 non
644 197 797 248 opibus,
834 209 915 235 non
950 197 1134 234 facultate
1167 191 1400 241 contendit3
1429 192 1558 230 omnis

234 272 319 303 tuas
352 265 442 303 artis
472 264 615 315 quibus
648 271 689 301 tu
722 275 886 313 magnus
925 274 966 300 es
1005 259 1077 298 tibi
1111 257 1320 306 concedit3
1351 258 1491 296 fatetur
1517 270 1559 296 se

234 344 315 368 non
345 330 447 369 belle
476 329 617 377 dicere,
645 342 725 366 non
756 329 807 366 ad
833 328 1076 366 voluntatem
1106 323 1216 374 loqui
1245 337 1375 374 posse,
1401 336 1482 362 non
1508 323 1560 361 ab

234 394 392 433 adflicta
419 393 592 432 amicitia
615 393 855 442 transfugere
882 399 1002 441 atque
1028 391 1078 429 ad
1105 391 1311 428 florentem
1346 388 1462 427 aliam
1496 388 1561 427 de-

236 461 379 507 volare,
398 472 478 497 non
499 457 666 509 profusis
688 457 910 507 sumptibus
931 457 1070 503 vivere,
1094 469 1175 493 non
1197 467 1334 493 ornare
1354 453 1560 504 magnifice
1587 465 1598 471 ·

236 524 521 574 splendideque
538 522 774 570 convivium,
788 535 871 561 non
887 522 1032 560 habere
1048 522 1212 559 domum
1231 521 1402 558 clausam
1420 517 1561 570 pudori

236 598 274 627 et
300 588 593 635 sanctimoniae,
617 595 817 638 patentem
845 595 964 636 atque
990 587 1092 624 adeo
1119 584 1336 635 expositam
1357 583 1561 634 cupiditati

237 663 275 693 et
296 653 560 703 voluptatibus
578 667 587 701 3
617 660 753 691 contra
774 653 848 690 sibi
869 652 921 690 ait
944 651 1127 698 officium,
1151 651 1287 698 fidem,
1307 648 1560 699 diligentiam,

237 718 355 756 vitam
377 717 540 757 omnino
566 731 720 768 semper
746 718 946 755 horridam
972 724 1092 765 atque
1116 714 1265 753 aridam
1294 713 1402 752 cordi
1431 712 1560 751 fuisse.

239 785 320 822 Ista
346 783 543 834 superiora
571 797 655 821 esse
681 796 726 821 ac
755 782 966 832 plurimum
996 794 1112 831 posse
1142 780 1202 818 his
1232 779 1406 818 moribus
1432 777 1559 816 sentit.

177 866 220 898 94
240 849 348 898 Quid
383 862 473 899 ergo
508 849 597 886 est?
655 849 746 886 Non
783 861 908 897 usque
940 860 988 885 eo
1020 854 1152 884 tamen
1186 852 1229 882 ut
1262 843 1303 882 in
1337 843 1464 894 eapite
1492 844 1564 881 for·

238 914 421 964 tunisque
460 914 668 951 hominum
702 912 1069 951 honestissimorum
1118 909 1372 949 dominentur
1419 908 1453 947 ei
1497 907 1564 958 qui

238 979 370 1018 relicta
399 978 568 1017 virorum
600 979 794 1017 bonorum
828 977 1037 1027 disciplina
1071 984 1109 1015 et
1144 983 1351 1026 quaestum
1391 982 1429 1013 et
1463 987 1564 1012 sum-

239 1054 348 1096 ptum
367 1045 523 1083 Galloni
545 1044 655 1094 sequi
683 1046 903 1082 maluerunt
929 1051 1048 1093 atque
1073 1042 1203 1088 etiam,
1223 1041 1331 1091 quod
1348 1040 1387 1079 in
1401 1040 1467 1078 illo
1483 1052 1564 1078 non

239 1109 320 1156 fuit,
344 1123 433 1148 cum
454 1109 619 1148 audacia
641 1108 883 1159 perfidiaque
905 1108 1091 1145 vixerunt.
1154 1106 1192 1145 Si
1213 1106 1304 1145 licet
1325 1105 1453 1144 vivere
1473 1119 1564 1144 eum

239 1188 356 1225 quem
379 1176 462 1213 Sex.
488 1174 660 1212 Naevius
682 1188 761 1212 non
784 1175 875 1220 volt,
900 1172 929 1211 si
953 1180 1010 1211 est
1033 1171 1185 1211 homini
1206 1173 1375 1210 honesto
1395 1173 1504 1209 locus
1525 1170 1565 1208 in

239 1239 394 1279 civitate
409 1239 530 1277 invito
548 1239 708 1286 Naevio,
728 1238 757 1276 si
776 1240 830 1277 fas
845 1247 902 1277 est
920 1238 1107 1288 respirare
1125 1240 1164 1276 P.
1183 1236 1414 1286 Quinctium
1431 1244 1567 1275 contra

241 1313 378 1343 nutum
401 1304 679 1354 dicionemque
710 1303 843 1351 Naevi,
867 1303 912 1348 si,
935 1317 1036 1353 quae
1058 1305 1210 1353 pudore
1233 1310 1465 1341 ornamenta
1493 1300 1566 1340 sibi

240 1369 400 1421 peperit,
432 1384 477 1408 ea
511 1377 638 1420 potest
675 1378 810 1408 contra
844 1369 1100 1420 petulantiam
1140 1382 1203 1407 me
1233 1369 1472 1407 defendente
1501 1368 1568 1406 ob-

241 1434 373 1482 tinere,
390 1448 477 1484 spes
492 1444 548 1473 est
562 1434 678 1474 etiam
694 1436 799 1473 hunc
813 1434 998 1473 miserum
1012 1443 1130 1484 atque
1144 1434 1339 1472 infelicem
1353 1433 1567 1484 aliquando

242 1501 401 1538 tandem
430 1513 544 1549 posse
570 1500 792 1538 consistere.
854 1501 922 1539 Sin
950 1508 987 1539 et
1019 1500 1161 1550 poterit
1190 1499 1362 1538 Naevius
1393 1498 1433 1538 id
1460 1499 1568 1549 quod

242 1564 347 1611 libet,
379 1572 417 1602 et
446 1564 481 1602 ei
511 1564 647 1603 libebit
678 1564 717 1603 id
749 1566 856 1615 quod
885 1579 963 1603 non
993 1565 1093 1612 licet,
1126 1565 1222 1616 quid
1255 1566 1451 1615 agendum
1482 1565 1569 1602 est?

242 1628 308 1679 qui
336 1630 432 1667 deus
459 1632 716 1680 appellandus
745 1632 832 1668 est?
865 1630 975 1669 cuius
998 1630 1169 1669 hominis
1198 1632 1294 1669 fides
1322 1630 1569 1680 imploranda

244 1695 330 1732 est?
365 1694 430 1744 qui
466 1695 637 1745 denique
676 1703 848 1745 questus,
881 1697 951 1745 (μα’
978 1698 1107 1743 luctas,
1144 1696 1211 1746 qui
1235 1703 1396 1735 ‘maeror
1426 1694 1567 1745 dignus

183 1790 226 1826 31
245 1758 406 1796 inveniri
438 1758 474 1796 in
506 1759 726 1798 calamitate
759 1769 865 1798 tanta
896 1763 1057 1810 potest?

183 1850 225 1882 95
301 1822 488 1861 Miserum
529 1833 585 1862 est
625 1826 817 1863 exturbari
860 1827 1023 1865 fortunis
1064 1828 1260 1874 omnibus,
1294 1827 1473 1866 miserius
1512 1833 1569 1864 est

244 1886 409 1934 iniuria;
446 1890 630 1927 acerbum
667 1898 723 1928 est
758 1892 808 1929 ab
843 1892 976 1942 aliquo
1015 1892 1298 1938 circumveniri,
1337 1891 1514 1930 acerbius
1547 1903 1571 1927 a

245 1951 493 2003 propinqu05
522 1955 794 1994 calamitosum
824 1965 881 1995 est
904 1957 1018 1996 bonis
1040 1957 1169 2005 everti,
1194 1957 1458 1996 calamitosius
1479 1968 1569 1994 cum

293 2066 306 2087 1
335 2056 413 2087 Sex.
427 2069 491 2089 om.
511 2058 543 2088 P
673 2070 692 2098 3
717 2060 820 2101 belle]
838 2061 925 2092 velle
944 2061 1013 2093 215'
1100 2062 1141 2092 ad
1162 2061 1364 2102 voluptatem
1386 2060 1571 2091 Lambinus

246 2101 266 2131 8
290 2101 519 2132 voluntatibus
538 2102 570 2132 P
656 2104 702 2134 ait
717 2103 770 2134 P:
794 2115 858 2135 om.
880 2109 943 2135 (cll.
1045 2115 1065 2144 9
1089 2105 1206 2145 atque]
1225 2115 1262 2135 ae
1280 2105 1335 2136 2⁶2*
1427 2114 1465 2134 10
1490 2102 1569 2142 ista]

246 2144 301 2174 illa
331 2147 378 2175 Στ
411 2145 455 2175 ita
482 2146 499 2175 b
651 2158 687 2177 12
714 2147 733 2177 ii
762 2148 810 2179 5:
847 2149 879 2178 hi
906 2153 969 2179 cett.
1119 2158 1156 2187 13
1182 2149 1344 2179 bonorum
1371 2148 1516 2178 virorum
1543 2146 1572 2177 ς

249 2198 287 2226 19
312 2198 350 2218 ea
370 2188 469 2218 Efflk:
494 2194 527 2220 ct
544 2188 602 2228 Βχ
619 2200 626 2220 z
650 2202 714 2222 om.
733 2202 749 2221 c
867 2202 918 2222 ine
937 2191 1097 2233 Madvig:
1121 2198 1154 2223 te
1173 2192 1263 2223 codd.
1403 2202 1445 2221 20
1469 2191 1570 2221 etiam

246 2231 363 2261 Klotz:
387 2237 420 2262 et
437 2232 486 2272 <ut
503 2244 525 2273 c,
548 2244 613 2264 0111.
623 2234 656 2271 k}
675 2234 762 2266 codd.
885 2245 927 2265 22
948 2235 979 2266 id
999 2240 1066 2274 Σχς
1092 2241 1126 2267 et
1145 2236 1176 2266 id
1194 2236 1222 2266 b¹
1241 2247 1248 2267 z
1270 2246 1333 2266 om,
1352 2234 1414 2266 B‘?
1531 2243 1572 2271 24

245 2275 301 2323 qui
320 2276 428 2307 luctus
445 2277 609 2316 supplevi:
634 2288 699 2309 om.
720 2278 807 2308 codd.
829 2279 861 2309 ιἰι
879 2279 936 2310 lac.
956 2289 1014 2318 &15
1032 2280 1090 2311 litt.
1112 2281 1150 2315 El
1269 2289 1309 2318 25
1329 2279 1360 2309 in
1383 2277 1442 2308 del.
1470 2278 1570 2308 Lam-

248 2319 342 2348 binus·
458 2322 499 2350 26
523 2320 690 2352 deturbari
710 2322 810 2361 [ἧχ’-’ς
900 2328 951 2353 cst
970 2323 1103 2364 iniuria]
1124 2323 1241 2353 iniuria
1258 2323 1277 2353 k
1381 2332 1420 2361 27
1447 2326 1497 2352 cst
1513 2318 1568 2360 ab]

246 2362 285 2391 ab
305 2362 337 2393 Σ1
