1747 2620
194 91 217 131 7
245 99 280 131 15
610 84 665 121 M.
699 84 867 122 TvLL1
900 83 1208 121 CICERONIS

238 195 454 242 ordinibus,
478 195 678 241 classibus,
702 194 911 241 aetatibus,
930 194 1073 232 auditis
1100 193 1340 243 auctoribus,
1360 208 1400 233 re
1425 196 1569 233 multos

237 259 321 298 dies
367 261 611 310 promulgata
655 267 692 298 et
737 259 894 309 cognita
940 259 1063 297 iuberi
1107 259 1307 309 vetarique
1349 261 1567 298 voluerunt.

180 332 217 363 16
239 326 479 363 Graecorum
519 332 651 363 autem
692 332 797 363 totae
836 338 896 362 res
935 324 1117 374 publicae
1161 324 1334 363 sedentis
1373 324 1569 363 contionis

236 389 454 428 temeritate
481 389 811 428 administrantur.
875 391 1016 439 Itaque
1047 396 1088 428 ut
1116 391 1218 428 hanc
1241 389 1445 428 Graeciam
1468 403 1570 440 quae

235 454 312 492 iarn
340 454 408 492 diu
436 454 514 492 suis
543 454 716 492 consiliis
746 456 923 505 perculsa
951 462 989 492 et
1017 454 1174 493 adflicta
1205 462 1263 493 est
1292 454 1483 502 omittam,
1506 454 1570 493 illa

236 528 345 558 vetus
367 533 468 570 quae
490 521 692 570 quondam
714 520 868 570 opibus,
894 520 1067 570 imperio,
1093 519 1215 569 gloria
1235 519 1364 558 floruit
1391 520 1468 558 hoc
1489 533 1569 558 uno

237 586 339 623 malo
366 585 550 632 concidit,
574 585 752 624 libertate
780 585 1041 623 immoderata
1073 598 1120 623 ac
1146 584 1303 623 licentia
1323 584 1566 624 contionum.

235 652 337 690 Cum
378 651 417 689 in
456 652 608 690 theatro
646 651 814 702 imperiti
855 651 1035 690 homines
1075 665 1203 689 rerum
1239 651 1417 689 omnium
1452 652 1569 689 rudes

234 716 436 766 ignarique
463 718 734 764 consederant,
761 724 844 755 tum
874 717 975 755 bella
1001 717 1153 755 inutilia
1180 716 1456 766 suscipiebant,
1484 724 1567 754 tum

235 781 443 819 seditiosos
473 782 653 820 homines
684 781 736 820 rei
767 781 949 832 publicae
980 781 1270 832 praeficiebant,
1304 790 1387 820 tum
1419 782 1567 832 optime

200 860 214 870 -
237 845 394 884 meritos
424 846 518 884 civis
548 860 569 885 e
599 846 754 885 civitate
784 846 989 885 eiciebant.
1052 848 1173 896 Quod
1209 847 1237 885 si
1271 848 1366 886 haec
1400 847 1567 886 Athenis

235 917 316 948 tum
352 924 443 948 cum
478 910 566 949 illae
601 924 680 949 non
715 913 842 950 solum
879 911 919 950 in
955 912 1122 951 Graecia
1155 913 1224 951 sed
1261 926 1382 962 prope
1416 912 1567 951 cunctis

233 976 416 1025 gentibus
438 976 639 1015 enitebant
660 976 839 1016 accidere
861 985 951 1016 sunt
972 978 1096 1025 solita,
1113 991 1231 1028 quam
1255 978 1566 1017 moderationem

234 1041 377 1091 putatis
406 1041 445 1079 in
468 1042 634 1092 Phrygia
653 1050 720 1080 aut
745 1042 784 1080 in
808 1043 937 1093 Mysia
957 1043 1189 1081 contionum
1211 1043 1362 1082 fuisse?
1404 1045 1567 1082 Nostras

234 1106 440 1145 contiones
461 1106 613 1145 illarum
635 1107 841 1146 nationum
859 1108 1039 1147 homines
1061 1110 1292 1159 plerumque
1315 1110 1568 1159 perturbant;

233 1171 340 1221 quid,
364 1184 455 1210 cum
485 1172 557 1210 soli
587 1172 664 1210 sint
694 1172 778 1223 ipsi,
802 1174 963 1212 tandem
995 1173 1076 1212 fieri
1107 1175 1281 1224 putatis?
1331 1175 1479 1213 Caesus
1510 1183 1567 1213 est

233 1235 347 1285 virgis
383 1237 579 1287 Cymaeus
600 1237 677 1276 .ille
708 1239 981 1288 Athenagoras
1016 1238 1083 1289 qui
1115 1238 1155 1277 in
1189 1241 1293 1277 fame
1327 1240 1566 1278 frumentum

234 1310 437 1351 exportare
467 1310 548 1341 erat
577 1316 705 1341 ausus
768 1304 871 1341 Data
904 1303 1038 1342 Laelio
1073 1305 1207 1343 contio
1243 1311 1311 1343 est.
1372 1305 1566 1344 Processit

233 1367 297 1406 ille
327 1375 364 1406 et
390 1368 566 1407 Graecus
595 1369 702 1418 apud
731 1368 905 1407 Graecos
934 1383 1015 1408 non
1043 1371 1093 1408 de
1122 1371 1238 1420 culpa
1266 1383 1336 1409 sua
1365 1370 1472 1417 dixit,
1497 1372 1567 1410 sed

233 1434 284 1471 de
322 1446 451 1483 poena
489 1441 651 1483 questus
689 1441 758 1473 est.
832 1436 1091 1474 Porrexerunt
1129 1449 1296 1484 manus,
1342 1436 1566 1487 psephisma

236 1506 372 1537 natum
403 1506 471 1537 est.
534 1501 625 1538 Hoc
655 1500 925 1539 testimonium
956 1503 1043 1540 est?
1092 1503 1229 1552 Nuper
1258 1502 1415 1553 epulati,
1449 1504 1566 1553 paulo

233 1571 325 1602 ante
352 1563 461 1602 omni
491 1564 695 1615 largitione
724 1566 883 1605 saturati
914 1568 1158 1617 Pergameni,
1179 1569 1288 1618 quod
1316 1568 1566 1607 Mithridates

233 1629 300 1680 qui
341 1629 635 1669 multitudinem
674 1631 780 1670 illam
820 1646 900 1670 non
938 1634 1169 1672 auctoritate
1208 1648 1288 1682 sua,
1325 1636 1394 1673 sed
1434 1634 1567 1684 sagina

233 1695 394 1733 tenebat
422 1708 465 1734 se
494 1697 594 1734 velle
623 1696 730 1744 dixit,
762 1697 802 1735 id
832 1706 982 1736 sutores
1012 1706 1049 1737 et
1084 1699 1226 1737 zonarii
1256 1701 1562 1738 conclamarunt.

234 1761 328 1799 Hoc
349 1759 622 1799 testimonium
642 1768 700 1800 est
720 1762 885 1800 civitatis
903 1764 919 1801 ?
975 1765 1061 1813 Ego
1082 1764 1189 1802 testis
1210 1778 1233 1802 a
1253 1764 1383 1803 Sicilia
1407 1765 1565 1814 publice

233 1823 407 1874 deduxi3
434 1839 570 1864 verum
585 1833 695 1864 erant
715 1840 761 1864 ea
777 1827 1002 1866 testimonia
1018 1841 1101 1867 non
1114 1829 1334 1868 concitatae
1355 1829 1560 1877 contionis,

180 1896 215 1926 18
234 1891 305 1929 sed
338 1888 454 1928 iurati
486 1898 657 1929 senatus.
722 1892 813 1940 Qua
846 1906 886 1930 re
920 1892 997 1931 iam
1030 1906 1111 1931 non
1144 1900 1201 1932 est
1236 1894 1332 1932 mihi
1362 1894 1564 1932 contentio

233 1969 325 1994 cum
354 1962 465 2004 teste,
491 1955 617 2004 vobis,
646 1955 808 2004 iudices,
838 1957 1055 1997 videndum
1085 1966 1154 2007 est,
1177 1959 1306 1998 sintne
1335 1960 1433 1999 haec
1463 1960 1565 1999 testi-

235 2020 369 2059 monia
389 2022 578 2071 putanda.

281 2141 294 2160 1
321 2131 373 2171 re]
392 2131 479 2161 rein
498 2130 531 2160 B
651 2141 689 2171 13
713 2132 809 2172 sunt]
828 2132 892 2163 sint
909 2132 943 2162 Β
1057 2136 1094 2164 16
1118 2135 1202 2176 sint]
1220 2141 1298 2167 sunt
1315 2136 1361 2168 ed.
1379 2137 1413 2167 R
1527 2148 1564 2178 17

234 2174 471 2213 Antenagoras
490 2178 512 2205 Σ
638 2175 676 2205 18
701 2176 813 2206 contio
833 2175 949 2206 Laelio
968 2188 991 2216 χ
1123 2189 1166 2209 20
1191 2180 1384 2219 psephisma
1404 2180 1504 2220 (psof.
1524 2185 1562 2222 Σ)

236 2217 301 2247 ib:
332 2218 503 2257 sophisma
523 2218 576 2257 x‘?
594 2218 652 2258 (ila
672 2222 686 2256 ξ
709 2221 764 2259 19)
914 2230 955 2259 23
979 2231 1039 2252 sua
1055 2220 1163 2254 Sclzol.
1183 2234 1190 2254 τ
1222 2234 1289 2254 om.
1307 2228 1370 2256 cell.
1522 2235 1564 2265 24

235 2261 360 2290 zonarii
377 2261 443 2299 ὸχικ
463 2265 489 2291 el
504 2261 610 2292 Sclzol.
630 2273 636 2293 :
662 2263 793 2293 coriarii
813 2263 858 2294 Ek
1012 2266 1054 2295 26
1078 2267 1200 2296 deduxi
1217 2266 1324 2297 Halm
1343 2279 1349 2298 :
1375 2268 1455 2300 duxi
1471 2268 1561 2301 codd.

237 2304 278 2333 28
303 2304 439 2342 iudices,
460 2306 644 2337 videndum
660 2305 760 2337 Klotz
777 2318 783 2337 ε
809 2305 1029 2339 dividendum
1049 2313 1072 2340 Σ
1089 2321 1096 2340 :
1122 2311 1304 2341 videndum
1322 2314 1387 2342 cett.

1589 470 1606 502 5

1591 798 1628 820 10

1591 1125 1626 1157 15

1587 1453 1628 1475 20

1588 1779 1625 1811 25
