1716 2662
109 784 146 806 10

101 1437 142 1459 20

496 73 554 109 IN
588 73 629 109 L.
664 72 910 111 PISONEM
943 72 1159 112 ORATIO
1441 84 1497 121 40
1517 79 1559 121 96

170 189 353 229 aetatum,
377 183 558 222 ordinum
582 182 882 222 iudicaverunt?
937 184 1038 232 Quis
1066 184 1169 222 enim
1201 191 1238 222 te
1264 182 1384 230 aditu,
1408 183 1495 234 quis

169 249 250 286 ullo
288 249 448 296 honore,
482 248 569 298 quis
607 248 780 298 denique
819 247 1020 286 communi
1060 248 1292 287 salutatione
1331 248 1493 298 dignum

169 314 315 361 putat?
371 314 522 353 Omnes
562 312 791 352 memoriam
831 313 1057 350 consulatus
1096 312 1162 359 tui,
1204 313 1315 359 sacta,
1353 326 1492 360 mores,

169 376 306 415 faciem
329 378 501 428 denique
520 392 566 416 ac
591 391 738 416 nomen
759 391 782 415 a
808 391 848 415 re
874 376 1033 427 publica
1062 378 1314 416 detestantur.
1359 378 1494 428 Legati

167 441 334 491 quibuna
349 444 504 482 fuerunt
519 441 688 489 alienati,
703 441 848 480 tribuni
865 440 1032 479 militum
1053 441 1212 490 inimici,
1231 442 1490 491 centuriones,

166 514 204 545 et
242 507 272 545 si
313 507 379 558 qui
418 521 464 547 ex
502 515 611 546 tanto
649 505 820 545 exercitu
858 505 996 556 reliqui
1035 505 1177 545 milites
1217 514 1369 546 exstant
1411 521 1491 547 non

167 572 317 611 dimissi
351 574 421 612 abs
454 581 492 612 tc
531 574 600 612 sed
632 571 823 623 dissipati,
858 579 897 610 te
926 572 1106 620 oderunt,
1144 572 1214 611 tibi
1246 581 1397 624 pestem
1432 588 1492 613 ex-

165 646 316 689 optant,
338 646 376 679 te
398 646 656 678 exsecrantur.
715 636 866 676 Achaia
897 639 1095 686 exhausta,
1119 639 1323 678 Thessalia
1342 648 1489 688 vexata,

165 705 355 743 laceratae
398 706 594 753 Athenae,
635 702 894 754 Dyrrachium
939 710 978 742 et
1022 704 1236 754 Apollonia
1283 704 1488 753 exinanita,

166 769 376 808 Ambracia
409 769 571 820 direpta,
619 768 794 807 Parthini
833 776 872 808 et
915 769 1150 808 Bulidenses
1184 768 1311 818 inlusi,
1349 770 1491 821 Epirus

164 834 302 882 excisa,
338 834 462 882 Locri,
498 834 646 881 Phocii,
685 833 838 872 Boeotii
878 833 1014 881 exusti,
1055 834 1290 883 Acarnania,
1329 835 1491 886 Amphi-

164 900 302 948 lochia,
327 900 541 947 Perraebia,
565 902 916 953 Athamanumque
941 916 1037 953 gens
1058 902 1227 950 vendita,
1252 903 1491 942 Macedonia

163 967 388 1004 condonata
427 965 614 1015 barbaris,
648 967 805 1006 Aetolia
841 967 995 1016 amissa,
1039 969 1216 1019 Dolopes
1255 968 1490 1020 finitimique

163 1030 340 1069 montani
378 1031 535 1082 oppidis
566 1039 685 1082 atque
718 1032 818 1083 agris
856 1032 1135 1081 exterminati,
1174 1033 1278 1072 cives
1318 1033 1489 1073 Romani

161 1095 228 1146 qui
262 1095 301 1134 in
336 1095 391 1135 eis
423 1095 518 1135 locis
552 1097 802 1147 negotiantur
836 1106 874 1137 te
908 1112 1031 1137 unum
1067 1111 1181 1137 suum
1213 1098 1490 1149 sociorumque

160 1162 490 1212 depeculatorem,
541 1170 775 1208 vexatorem,
827 1164 1079 1213 praedonem,
1133 1164 1286 1202 hostem
1337 1163 1489 1202 venisse

159 1234 374 1265 senserunt.
445 1227 509 1265 Ad
548 1228 688 1266 horum
724 1227 903 1266 omnium
942 1228 1087 1267 iudicia
1126 1235 1184 1266 tot
1222 1236 1341 1278 atque
1381 1236 1490 1267 tanta
1509 1240 1550 1276 97

159 1292 421 1331 domesticum
449 1291 639 1331 iudicium
666 1293 831 1332 accessit
857 1293 1075 1332 sententiae
1099 1293 1363 1332 damnationis
1385 1301 1486 1341 tuae,

160 1358 337 1396 occultus
369 1358 572 1404 adventus,
611 1357 794 1396 furtivum
829 1357 900 1397 iter
934 1372 1002 1409 per
1037 1358 1202 1405 Italiam,
1234 1358 1414 1397 introitus
1448 1358 1487 1397 in

161 1423 297 1462 urbem
327 1424 503 1462 desertus
532 1423 582 1461 ab
613 1423 763 1472 amicis,
788 1425 918 1462 nullae
947 1425 997 1462 ad
1029 1431 1207 1462 senatum
1237 1438 1259 1462 e
1288 1423 1488 1474 provincia

159 1487 318 1535 litterae,
352 1489 458 1526 nulla
491 1502 537 1526 ex
572 1487 679 1526 trinis
711 1488 866 1527 aestivis
901 1488 1118 1539 gratulatio,
1156 1490 1262 1527 nulla
1300 1488 1487 1539 triumphi

160 1552 334 1600 mentio3
374 1567 455 1592 non
490 1554 611 1592 modo
644 1554 740 1603 quid
773 1553 937 1604 gesseris
972 1555 1042 1592 sed
1063 1568 1111 1592 ne
1141 1553 1284 1604 quibus
1318 1554 1357 1591 in
1391 1553 1486 1592 locis

158 1617 319 1667 quidem
360 1617 475 1657 fueris
507 1618 637 1657 dicere
667 1619 800 1657 audes.
874 1620 933 1657 Ex
966 1618 1031 1657 illo
1067 1620 1174 1657 fonte
1206 1626 1244 1657 et
1278 1617 1486 1657 seminario

158 1682 445 1737 triumphorum
479 1696 570 1721 cum
603 1682 712 1722 arida
743 1683 835 1722 folia
867 1685 1021 1723 laureae
1056 1683 1279 1730 rettulisses,
1316 1697 1405 1721 cum
1441 1697 1487 1722 ea

157 1747 310 1787 abiecta
340 1749 391 1787 ad
423 1756 574 1799 portat-n
606 1747 804 1799 reliquisti,
842 1756 926 1788 tum
962 1757 1003 1788 tu
1039 1749 1120 1800 ipse
1155 1750 1205 1788 de
1236 1756 1274 1787 te
1298 1752 1486 1787 ‘FEOESSE

157 1814 327 1851 VlDERI'
366 1812 676 1863 pronuntiavisti.
761 1813 861 1863 Qui·
884 1814 914 1853 si
963 1814 1060 1852 nihil
1106 1828 1278 1864 gesseras
1322 1813 1483 1863 dignum

157 1879 316 1926 honore,
340 1878 407 1917 ubi
438 1878 637 1926 exercitus,
668 1877 735 1917 ubi
766 1887 956 1930 sumptus,
988 1879 1054 1918 ubi
1084 1879 1302 1930 imperium,
1326 1878 1392 1917 ubi
1420 1878 1484 1917 illa

204 1992 212 2010 1
241 1982 331 2012 aditu
361 1981 509 2021 Empx‘i':
547 1981 661 2013 auditu
690 1985 754 2015 cett.
868 1993 888 2023 3
913 1988 1007 2023 putat
1039 1984 1136 2015 Cns.:
1163 1988 1257 2022 putet
1285 1985 1349 2014 cell.
1462 1991 1482 2021 5

156 2025 288 2055 fuerunt
321 2025 341 2060 ι’,
377 2025 514 2056 Halm:
549 2025 642 2056 sucre
681 2029 745 2057 cell.
870 2027 1010 2058 militum
1050 2028 1104 2066 (pk,
1145 2026 1190 2057 cd.
1234 2026 1273 2056 V:
1312 2025 1379 2056 mil.
1415 2029 1478 2056 (cll.

155 2070 176 2098 6
214 2073 349 2098 exstant
380 2069 477 2108 Eup:
516 2068 666 2100 existunt
700 2073 762 2101 cell.
978 2081 1016 2101 10
1047 2069 1214 2110 parthenii
1249 2069 1363 2100 codd:
1401 2080 1480 2100 corr.

155 2111 340 2152 Naugerius
367 2113 410 2151 s1¹)
510 2112 691 2143 bullienses
710 2112 798 2144 codd.
817 2124 823 2143 :
848 2124 926 2144 corr.
950 2114 1090 2144 Vrsinus
1241 2123 1273 2143 11
1295 2112 1425 2143 excissa
1442 2112 1477 2142 (⁴.

155 2153 341 2185 Lambinus
509 2155 631 2186 boeotii
658 2157 692 2186 i:
726 2157 827 2187 boetii
858 2161 921 2188 ceu.
1071 2156 1260 2187 Acarnania
1288 2166 1320 2194 u,
1348 2155 1393 2186 ed.
1424 2156 1480 2185 R:

154 2199 310 2229 acliarnia
321 2201 384 2228 cell.
516 2209 551 2229 12
577 2199 754 2238 perrhebia
768 2199 850 2231 Eco:
876 2200 1051 2240 perthcbia
1066 2203 1130 2230 cell.
1237 2199 1478 2230 Athamanum-

154 2252 217 2281 que
244 2253 268 2282 e,
296 2241 380 2282 Lag.
410 2252 446 2280 7:
482 2243 770 2282 achamanumque
798 2247 863 2274 cett.
1004 2253 1041 2283 15
1076 2243 1115 2275 iis
1144 2242 1189 2273 cd.
1226 2242 1277 2272 V:
1311 2243 1361 2272 his
1389 2241 1477 2273 codd.

152 2295 249 2315 suum
274 2286 509 2325 sociorumque
534 2286 632 2316 Cus.:
665 2286 773 2317 solum
798 2297 894 2318 suum
918 2290 982 2319 cell.
1145 2287 1182 2316 18
1206 2286 1397 2317 sentcntiae
1413 2309 1420 2317 .
1442 2309 1448 2316 .
1469 2309 1475 2316 .

153 2331 229 2360 tuae
246 2328 303 2360 del.
321 2328 413 2360 Bake
553 2340 592 2366 24
619 2329 731 2361 laurea
747 2329 793 2361 Ee
