1716 2662
411 89 519 126 PRO
551 89 596 125 A.
630 88 883 127 CAECINA
913 88 1131 126 ORATIO
1402 97 1427 136 5

100 205 213 247 esset,
230 207 271 238 ut
292 200 422 239 dicere
443 200 698 248 institueram,
719 200 931 239 constituta
950 199 1081 239 auctio
1104 202 1269 247 Romae,
1292 200 1429 237 suade-

102 266 197 304 bant
230 265 346 304 amici
378 265 614 318 cognatique
651 265 907 312 Caesenniae,
945 265 985 305 id
1020 266 1129 316 quod
1163 264 1236 316 ipsi
1269 278 1428 315 quoque

102 330 254 369 mulieri
275 330 457 370 veniebat
479 330 517 369 in
541 338 724 379 mentem,
743 331 931 382 quoniam
952 339 1125 382 potestas
1147 338 1249 370 esset
1270 330 1429 370 emendi

102 396 268 434 fundum
303 396 412 434 illum
449 396 736 443 Fulcinianum,
769 395 836 446 qui
866 398 992 435 fundo
1023 395 1107 435 eius
1140 395 1305 446 antiquo
1338 409 1430 434 con-

65 472 81 504 5
102 459 230 499 tinens
251 470 363 508 esset,
388 463 535 499 nullam
557 475 643 500 esse
663 461 855 500 rationem
876 461 1055 500 amittere
1075 460 1159 500 eius
1187 460 1296 511 modi
1320 475 1431 500 occa-

101 524 265 573 sionem,
289 540 379 564 cum
402 527 435 565 ei
459 526 684 577 praesertim
707 526 876 576 pecunia
895 540 942 565 ex
963 526 1173 577 partitione
1193 527 1432 574 deberetur3

100 605 296 641 nusquam
328 605 443 642 posse
473 606 560 630 eam
592 591 732 630 melius
761 591 971 630 conlocari.
1032 593 1174 642 Itaque
1193 593 1271 630 hoc
1291 591 1431 630 mulier

101 658 227 696 facere
242 657 464 705 constituit,
485 658 647 696 mandat
662 665 703 695 ut
720 658 887 696 fundum
901 656 975 696 sibi
989 656 1226 705 emat,——cui
1241 658 1431 696 tandem?

101 720 218 759 ——cui
239 721 413 772 putatis?
442 735 493 759 an
513 735 593 759 non
616 721 655 759 in
676 729 849 760 mentem
867 722 979 761 vobis
996 721 1103 761 venit
1123 721 1307 760 omnibus
1328 721 1431 760 illius

44 799 84 823 10
102 787 180 825 hoc
201 800 345 825 munus
367 800 452 825 esse
472 788 523 825 ad
545 786 679 825 onmia
709 786 881 825 mulieris
911 786 1069 837 negotia
1089 786 1222 837 parati,
1246 786 1329 825 sine
1351 800 1430 837 quo

102 851 199 890 nihil
221 851 312 890 satis
334 859 458 899 caute,
480 850 578 890 nihil
599 851 691 889 satis
712 851 853 890 callide
873 859 1006 902 posset
1025 851 1116 902 agi?
1164 853 1289 890 Recte
1309 859 1431 890 atten-

102 916 205 956 ditis.
265 916 439 955 Aebutio
460 916 662 966 negotium
684 917 807 955 datur.
867 918 993 955 Adest
1013 917 1064 955 ad
1085 917 1270 963 tabulam,
1293 915 1431 955 licetur

103 981 297 1021 Aebutius
316 996 326 1029 3
355 983 600 1020 deterrentur
616 990 812 1032 emptores
830 981 941 1020 multi
959 981 1100 1032 partim
1121 981 1242 1032 gratia
1263 983 1432 1021 Caesen-

104 1046 202 1094 niae,
244 1046 384 1097 partim
424 1046 540 1085 etiam
580 1046 718 1096 pretio.
789 1048 952 1085 Fundus
999 1046 1196 1085 addicitur
1230 1046 1403 1085 Aebutio
1422 1061 1431 1095 ;

44 1126 82 1158 15
104 1112 313 1164 pecuniam
345 1111 562 1162 argentario
597 1111 788 1162 promittit
826 1111 1051 1160 Aebutiu53
1089 1125 1169 1162 quo
1204 1111 1431 1150 testimonio

103 1191 209 1217 nunc
230 1177 286 1215 vir
306 1177 478 1228 optimus
506 1177 625 1215 utitur
652 1176 726 1215 sibi
754 1184 931 1228 emptum
954 1191 1049 1216 esse.
1109 1177 1233 1224 Quasi
1254 1191 1345 1216 vero
1365 1185 1432 1216 aut

103 1257 176 1282 nos
211 1242 245 1281 ei
280 1257 469 1293 negemus
504 1242 709 1281 addictum
747 1250 815 1281 aut
849 1250 932 1281 turn
972 1242 1182 1293 quisquam
1216 1243 1329 1282 fuerit
1364 1242 1430 1294 qui

104 1308 301 1348 dubitaret
318 1309 413 1359 quin
429 1316 623 1347 emeretur
640 1308 895 1356 Caesenniae,
912 1323 1003 1348 cum
1024 1308 1064 1348 id
1084 1310 1259 1360 plerique
1276 1308 1428 1355 scirent,

105 1388 243 1413 omnes
278 1375 357 1413 fere
390 1374 602 1422 audissent,
633 1375 705 1423 qui
733 1388 806 1412 non
841 1375 1019 1422 azcdlkset,
1051 1374 1083 1413 is
1113 1374 1339 1413 coniectura
1367 1375 1433 1412 ad-

45 1455 87 1478 20
106 1440 216 1491 sequi
250 1447 393 1491 posset,
431 1454 521 1478 cum
553 1439 721 1491 pecunia
756 1439 1000 1480 Caesenniae
1034 1454 1080 1478 ex
1114 1439 1179 1478 illa
1216 1439 1432 1479 hereditate

105 1507 325 1553 deberetur,
356 1519 444 1544 eam
474 1520 590 1557 porro
620 1505 660 1544 in
690 1505 860 1557 praediis
889 1504 1088 1544 conlocari
1120 1504 1289 1543 maxime
1320 1519 1434 1555 expe-

105 1572 215 1619 diret,
250 1579 381 1610 essent
411 1579 544 1610 autem
579 1571 740 1622 praedia
773 1585 875 1622 quae
907 1570 1059 1609 mulieri
1091 1570 1260 1609 maxime
1292 1584 1432 1609 conve-

105 1637 245 1685 nirent,
286 1651 332 1675 ea
369 1637 559 1684 venirent,
597 1635 778 1675 liceretur
816 1635 846 1674 is
889 1649 1008 1686 quem
1048 1634 1292 1674 Caesenniae
1341 1636 1434 1673 dare

106 1717 265 1753 operam
287 1716 407 1741 nemo
431 1702 644 1749 miraretur,
667 1701 742 1740 sibi
766 1715 897 1740 emere
922 1715 1042 1740 nemo
1070 1708 1202 1751 posset
1232 1699 1431 1751 suspicari.

46 1782 86 1815 25
109 1770 199 1807 Hac
219 1767 421 1818 emptione
442 1768 542 1806 sacta
563 1766 731 1818 pecunia
751 1766 913 1805 solvitur
927 1781 950 1805 a
967 1765 1214 1813 Caesennia:
1248 1765 1358 1804 cuius
1380 1765 1433 1803 rei

107 1841 219 1884 putat
238 1832 311 1871 iste
331 1832 522 1871 rationem
544 1831 656 1871 reddi
677 1846 758 1870 non
779 1846 895 1882 posse
916 1832 1025 1881 quod
1053 1831 1136 1881 ipse
1157 1831 1309 1869 tabulas
1330 1845 1436 1869 aver-

108 1898 221 1946 terit3
264 1912 305 1936 se
338 1905 470 1936 autem
505 1898 650 1936 habere
680 1896 887 1947 argentarii
922 1896 1075 1934 tabulas
1109 1895 1149 1933 in
1185 1895 1328 1945 quibus
1361 1894 1435 1933 sibi

108 1977 279 2014 expensa
298 1964 466 2013 pecunia
486 1964 564 2000 lata
584 1961 632 2000 sit
653 1968 895 2013 acceptaque
915 1962 1045 1998 relata.
1107 1959 1231 2008 Quasi
1259 1959 1298 1998 id
1325 1959 1436 1998 aliter

109 2028 189 2068 fieri
224 2027 448 2078 oportuerit.
508 2029 611 2066 Cum
650 2026 784 2065 omnia
822 2025 875 2064 ita
909 2027 1010 2064 facta
1049 2032 1193 2074 essent,
1227 2038 1345 2075 quem
1383 2025 1434 2063 ad

153 2143 172 2171 3
195 2131 352 2163 veniebat
376 2132 408 2162 in
429 2136 575 2162 mentem
598 2129 711 2161 PTE:
738 2130 770 2160 in
794 2134 940 2159 mentem
964 2128 1118 2159 veniebat
1135 2132 1201 2160 cell.
1359 2129 1379 2158 6
1404 2128 1435 2158 ei

112 2176 191 2215 (mei
219 2175 261 2215 T)
293 2175 386 2206 TEa:
410 2186 474 2206 om.
498 2178 561 2206 cett.
731 2184 747 2211 7
775 2183 877 2213 posse
903 2183 975 2202 eam
997 2172 1108 2202 PTE:
1137 2182 1238 2211 posse
1259 2172 1338 2202 w‘i‘:
1362 2182 1434 2202 eam

111 2230 211 2259 posse
228 2224 293 2250 cett.
385 2219 448 2249 hoc
468 2218 520 2248 P:
545 2229 611 2249 om.
633 2222 698 2249 cell.
835 2226 856 2255 9
888 2216 985 2246 vobis
1003 2215 1052 2245 P:
1077 2226 1143 2245 om.
1162 2218 1227 2245 cell.
1331 2214 1435 2245 omni-

112 2262 188 2304 bus]
207 2263 351 2293 hominis
368 2262 534 2302 Angelius
670 2271 708 2300 13
733 2260 839 2299 gratia
857 2270 923 2289 om.
948 2258 977 2288 T
1108 2259 1145 2287 18
1170 2258 1341 2288 dubitaret
1362 2257 1435 2288 TE:

110 2306 268 2337 dubitarit
285 2309 350 2338 cell.
517 2316 556 2344 19
579 2304 634 2344 qui
654 2314 720 2335 non
738 2303 889 2334 audisset
905 2301 1013 2342 suppl.
1032 2301 1145 2333 Baiter
1264 2301 1291 2331 is
1313 2299 1362 2330 T:
1386 2301 1438 2331 his

112 2350 164 2390 (hi
181 2349 222 2391 c2)
240 2353 305 2380 cett.
439 2359 481 2380 20
508 2353 624 2388 posset
643 2347 778 2378 Baiter:
803 2349 941 2386 possent
958 2344 1048 2376 codd.
1179 2355 1219 2384 24
1246 2354 1344 2384 posse
1368 2343 1438 2375 TEe

1449 103 1489 135 15

1454 885 1492 915 16
