1747 2620
201 44 242 82 17
264 51 304 83 54
632 33 687 68 M.
719 30 886 68 TVLLI
919 26 1226 67 CICERONIS

261 145 310 182 de
333 157 370 181 re
392 140 615 191 pecuniaria
637 153 772 178 recens
794 137 1000 177 intercedit
1020 152 1029 185 3
1058 137 1272 187 postulone
1293 148 1314 173 a
1337 140 1520 191 praetore
1546 139 1590 170 ut

261 209 341 246 eius
361 208 464 245 bona
487 205 580 243 1111111
599 204 800 255 possidere
821 204 946 250 liceat,
969 216 1030 249 an,
1054 215 1144 240 cum
1163 202 1317 238 Romae
1334 200 1477 238 domus
1491 197 1586 245 eius,

261 286 364 319 uxor,
402 270 511 310 liberi
553 269 640 316 sint,
683 270 847 308 domum
884 267 1015 319 potius
1056 265 1321 306 denuntiem?
1389 262 1498 313 Quid
1530 271 1589 302 est

259 339 365 388 quod
397 339 469 375 hac
501 337 659 375 tandem
691 337 740 374 de
770 349 810 373 re
840 334 951 372 vobis
981 332 1102 384 possit
1133 331 1285 370 videri?
1342 331 1535 377 Profecto,
1557 330 1588 367 si

259 411 362 442 recte
397 410 563 440 vestram
600 399 817 439 bonitatem
852 406 970 449 atque
1003 398 1252 448 prudentiam
1293 394 1471 446 cognovi,
1507 408 1589 434 non
1609 410 1627 442 5

261 470 425 506 inultum
464 481 525 505 me
565 465 671 511 fallit,
707 465 737 503 si
771 462 1042 509 consulamini,
1085 461 1181 512 quid
1220 460 1302 500 sitis
1341 459 1588 510 responsuri:

260 533 427 583 primum
450 538 684 582 exspectare,
710 528 867 576 deinde,
892 528 922 566 si
953 527 1102 566 latitare
1133 541 1179 565 ac
1209 525 1356 565 diutius
1387 526 1589 564 ludificare

259 598 444 645 videatur,
477 596 625 635 amicos
662 594 885 642 convenire,
921 607 1106 644 quaerere
1142 591 1228 642 quis
1264 598 1494 641 procurator
1524 591 1585 630 sit.

260 666 423 703 domum
444 662 687 702 denuntiare.
748 660 837 699 Dici
860 659 921 697 vix
942 666 1071 709 potest
1093 671 1211 709 quam
1242 658 1364 695 multa
1390 656 1466 694 sint
1487 670 1588 707 quae

259 728 528 780 respondeatis
560 735 651 766 ante
686 726 767 765 fieri
804 733 984 775 oportere
1020 738 1137 775 quam
1174 724 1224 762 ad
1259 724 1361 761 hanc
1397 721 1587 761 rationem
1613 735 1650 758 10

199 810 238 842 55
258 803 468 834 extremam
502 793 722 831 necessario
758 790 952 830 devenire.
1025 789 1136 839 Quid
1171 790 1221 827 ad
1255 789 1353 827 haec
1386 787 1590 828 Naevius?

261 859 378 898 Ridet
400 858 547 898 scilicet
571 865 743 896 nostram
774 855 1000 902 amentiam,
1025 854 1091 905 qui
1122 854 1160 892 in
1191 855 1269 891 vita
1298 866 1368 891 sua
1397 852 1587 892 rationem

258 924 400 964 summi
439 923 541 963 offici
583 923 853 962 desideremus
896 929 933 960 et
974 920 1150 959 instituta
1184 919 1352 957 virorum
1394 919 1589 957 bonorum

258 990 508 1041 requiramus.
571 992 579 1008 ‘
598 987 705 1037 Quid
741 987 860 1034 1111111,7
886 986 1026 1036 inquit.
1052 989 1161 1024 ‘cum
1183 984 1257 1023 ista
1277 997 1431 1022 summa
1451 985 1589 1023 sancti-

259 1055 390 1095 monia
410 1069 454 1093 ac
475 1053 708 1104 diligentia?
742 1052 933 1100 viderint,⁷
957 1052 1094 1102 inquit,
1122 1051 1215 1090 ‘ista
1241 1050 1369 1089 officia
1390 1050 1456 1089 viri
1480 1051 1586 1099 boni,
1615 1063 1650 1095 ¹5

259 1123 308 1160 de
330 1135 391 1160 me
411 1128 542 1159 autem
565 1119 617 1158 ita
640 1118 890 1158 considerent
909 1133 915 1157 ε
950 1132 1029 1156 non
1053 1117 1148 1168 quid
1170 1117 1337 1157 habeam
1360 1119 1429 1157 sed
1447 1117 1590 1168 quibus

260 1187 374 1225 rebus
395 1185 609 1225 invenerim
633 1191 832 1235 quaerant,
859 1191 896 1222 et
923 1198 1041 1234 quem
1063 1185 1113 1222 ad
1135 1185 1299 1222 modum
1316 1190 1431 1221 natus
1452 1190 1489 1222 et
1511 1197 1590 1233 quo

260 1259 374 1302 pacto
396 1252 584 1290 educatus
606 1249 689 1288 sim.
755 1249 921 1289 Memini
941 1264 950 1297 3
983 1257 1092 1288 vetus
1114 1257 1184 1297 est,
1210 1250 1294 1288 “de
1315 1262 1445 1287 scurra
1465 1250 1590 1287 multo

197 1327 239 1368 56
259 1316 408 1356 facilius
429 1315 590 1355 divitem
617 1329 734 1366 quam
766 1322 914 1365 patrem
948 1314 1114 1353 familias
1140 1315 1219 1353 fieri
1245 1315 1392 1364 posse.'⁷
1411 1315 1420 1332 ³
1477 1314 1589 1352 Haec

259 1383 332 1429 ille,
365 1382 395 1421 si
426 1381 552 1420 verbis
588 1395 667 1420 non
705 1382 834 1428 audet,
861 1395 900 1419 re
933 1380 1094 1431 quidem
1126 1395 1215 1419 vera
1244 1382 1372 1431 palam
1404 1379 1585 1431 loquitur.
1611 1395 1649 1416 20

262 1447 417 1488 Etenim
450 1447 480 1485 si
514 1449 594 1486 volt
630 1446 800 1486 virorum
846 1447 1040 1486 bonorum
1082 1446 1260 1486 instituto
1292 1446 1430 1492 virere,
1468 1448 1590 1485 multa

259 1522 412 1564 oportet
442 1512 565 1552 discat
604 1526 650 1551 ac
692 1512 880 1559 dediscat,
921 1526 1087 1562 quorum
1131 1511 1184 1550 illi
1223 1511 1339 1551 aetati
1379 1520 1589 1562 utrumque

258 1579 415 1618 difficile
436 1587 504 1618 est.

196 1643 237 1680 18
316 1647 431 1683 ‘Non
471 1644 672 1691 dubitavi,⁷
716 1643 854 1694 inquit,
908 1650 1020 1683 ‘cum
1069 1642 1338 1683 vadimonium
1388 1644 1585 1682 desertum

258 1719 369 1757 esset,
395 1711 498 1749 bona
528 1709 793 1760 proscribere)
857 1711 1068 1761 Improbe:
1099 1723 1243 1755 verum,
1268 1708 1455 1759 quoniam
1485 1717 1524 1746 tu
1547 1708 1586 1747 id
1610 1719 1647 1752 25

258 1775 325 1815 tibi
360 1778 524 1826 adrogas
566 1783 603 1814 et
642 1775 808 1815 concedi
852 1778 1037 1827 postulaS,
1076 1776 1352 1814 concedamus
1414 1774 1523 1824 Quid
1558 1773 1587 1811 si

258 1855 472 1892 numquam
495 1841 679 1889 deseruit,
703 1841 734 1879 si
767 1841 839 1880 ista
871 1856 986 1881 causa
1017 1841 1087 1880 abs
1118 1849 1155 1880 te
1186 1848 1266 1879 tota
1296 1854 1363 1891 per
1393 1853 1587 1878 summam

258 1908 432 1946 fraudem
463 1914 501 1945 ct
532 1906 719 1945 malitiam
753 1908 842 1945 sicta
873 1915 941 1954 est,
965 1907 994 1945 si
1023 1906 1294 1946 vadimonium
1324 1905 1488 1944 omnino
1519 1905 1589 1944 tibi

301 2022 319 2041 2
344 2011 416 2043 cius
443 2022 510 2044 ουι.
541 2012 559 2042 Ι)
703 2024 722 2052 3
748 2014 909 2045 denuntio
937 2013 1075 2055 Madvig
1219 2023 1237 2052 5
1261 2012 1382 2052 agnovi
1412 2010 1588 2052 Ix'nfinicm.

256 2057 276 2084 6
292 2055 380 2104 quod
398 2056 418 2085 lc
539 2057 559 2086 8
586 2057 757 2088 conveniri
779 2057 831 2088 Eb¹
950 2068 981 2087 11
1013 2057 1204 2089 necessario
1224 2056 1422 2088 Gulz'clmins
1439 2067 1445 2086 :
1471 2066 1588 2086 neces-

258 2109 379 2129 sariam
397 2098 484 2130 codd.
505 2110 512 2130 :
537 2111 574 2131 ac
593 2101 818 2132 necessariam
840 2101 1025 2132 Lambinus
1162 2102 1245 2133 haec
1266 2102 1295 2136 k,
1315 2100 1491 2140 Ix'ujim'an.
1510 2102 1525 2137 §
1545 2109 1564 2138 5
1583 2111 1588 2128 :

260 2141 322 2173 hoc
339 2146 403 2174 cell.
491 2153 527 2182 13
545 2143 709 2176 bonorum
729 2145 875 2176 virorum
895 2145 952 2176 ὸς.
974 2145 1147 2185 Ix'ttfim'an.
1245 2156 1279 2183 14
1307 2155 1436 2176 summa
1453 2153 1517 2173 0111.
1530 2141 1586 2173 211¹

264 2187 300 2215 16
325 2187 453 2233 autem]
477 2191 586 2218 tamen
607 2199 640 2218 c:
668 2192 795 2218 tantum
815 2189 834 2217 k
934 2189 977 2219 ila
996 2193 1063 2228 Σχς
1090 2190 1151 2221 ista
1170 2189 1219 2220 ὸς
1356 2189 1392 2217 18
1418 2186 1484 2226 cst]
1510 2196 1587 2226 pro-

259 2228 404 2259 verbium
428 2230 502 2260 add.
518 2231 544 2259 1³²
711 2243 750 2260 τ’.)
775 2232 830 2271 ac]
849 2237 949 2271 atquc
969 2232 986 2262 b
1130 2244 1169 2272 25
1194 2243 1309 2263 verum
1325 2232 1361 2262 lc:
1393 2236 1501 2261 utrum
1521 2233 1583 2260 cell.

259 2273 298 2301 28
325 2273 399 2302 tiela
418 2274 457 2303 k:
484 2274 568 2304 sacta
585 2277 650 2304 cett.
