<?xml version="1.0" encoding="UTF-8"?>
<!DOCTYPE html PUBLIC "-//W3C//DTD XHTML 1.0 Transitional//EN"
    "http://www.w3.org/TR/xhtml1/DTD/xhtml1-transitional.dtd">
<html xmlns="http://www.w3.org/1999/xhtml" xml:lang="en" lang="en">
 <head>
  <title>
</title>
<meta http-equiv="Content-Type" content="text/html;charset=utf-8" />
  <meta name='ocr-system' content='tesseract 3.04.00' />
  <meta name='ocr-capabilities' content='ocr_page ocr_carea ocr_par ocr_line ocrx_word'/>
</head>
<body>
  <div class='ocr_page' id='page_1' title='image "./orationesrecogno04ciceuoft/orationesrecogno04ciceuoft_0068.png"; bbox 0 0 1747 2620; ppageno 0'>
   <div class='ocr_carea' id='block_1_1' title="bbox 234 74 259 113">
    <p class='ocr_par' dir='ltr' id='par_1_1' title="bbox 234 74 259 113">
     <span class='ocr_line' id='line_1_1' title="bbox 234 74 259 113; baseline 0 0"><span class='ocrx_word' id='word_1_1' title='bbox 234 74 259 113; x_wconf 89' lang='lat'>3</span> 
     </span>
    </p>
   </div>
   <div class='ocr_carea' id='block_1_2' title="bbox 232 688 259 726">
    <p class='ocr_par' dir='ltr' id='par_1_2' title="bbox 232 688 259 726">
     <span class='ocr_line' id='line_1_2' title="bbox 232 688 259 726; baseline 0 -12"><span class='ocrx_word' id='word_1_2' title='bbox 232 688 259 726; x_wconf 92' lang='lat'><strong>4</strong></span> 
     </span>
    </p>
   </div>
   <div class='ocr_carea' id='block_1_3' title="bbox 221 747 260 770">
    <p class='ocr_par' dir='ltr' id='par_1_3' title="bbox 221 747 260 770">
     <span class='ocr_line' id='line_1_3' title="bbox 221 747 260 770; baseline -0.051 0"><span class='ocrx_word' id='word_1_3' title='bbox 221 747 260 770; x_wconf 91' lang='lat'>10</span> 
     </span>
    </p>
   </div>
   <div class='ocr_carea' id='block_1_4' title="bbox 222 1303 254 1325">
    <p class='ocr_par' dir='ltr' id='par_1_4' title="bbox 222 1303 254 1325">
     <span class='ocr_line' id='line_1_4' title="bbox 222 1303 254 1325; baseline -0.031 0"><span class='ocrx_word' id='word_1_4' title='bbox 222 1303 254 1325; x_wconf 93' lang='lat'>11</span> 
     </span>
    </p>
   </div>
   <div class='ocr_carea' id='block_1_5' title="bbox 220 1759 254 1780">
    <p class='ocr_par' dir='ltr' id='par_1_5' title="bbox 220 1759 254 1780">
     <span class='ocr_line' id='line_1_5' title="bbox 220 1759 254 1780; baseline 0 0"><span class='ocrx_word' id='word_1_5' title='bbox 220 1759 254 1780; x_wconf 89' lang='lat'>12</span> 
     </span>
    </p>
   </div>
   <div class='ocr_carea' id='block_1_6' title="bbox 277 64 1248 113">
    <p class='ocr_par' dir='ltr' id='par_1_6' title="bbox 277 64 1248 113">
     <span class='ocr_line' id='line_1_6' title="bbox 277 64 1248 113; baseline -0.002 -9"><span class='ocrx_word' id='word_1_6' title='bbox 277 81 297 113; x_wconf 90' lang='lat'>9</span> <span class='ocrx_word' id='word_1_7' title='bbox 650 66 707 104; x_wconf 84' lang='lat' dir='ltr'>M.</span> <span class='ocrx_word' id='word_1_8' title='bbox 738 66 909 103; x_wconf 82' lang='lat' dir='ltr'><strong>TVLLI</strong></span> <span class='ocrx_word' id='word_1_9' title='bbox 940 64 1248 104; x_wconf 89' lang='lat' dir='ltr'>CICERONIS</span> 
     </span>
    </p>
   </div>
   <div class='ocr_carea' id='block_1_7' title="bbox 275 176 1676 1989">
    <p class='ocr_par' dir='ltr' id='par_1_7' title="bbox 276 176 1613 425">
     <span class='ocr_line' id='line_1_7' title="bbox 277 176 1610 230; baseline -0.004 -11"><span class='ocrx_word' id='word_1_10' title='bbox 277 193 423 219; x_wconf 87' lang='lat' dir='ltr'>nomen</span> <span class='ocrx_word' id='word_1_11' title='bbox 464 179 632 219; x_wconf 90' lang='lat' dir='ltr'>triennio</span> <span class='ocrx_word' id='word_1_12' title='bbox 669 179 849 230; x_wconf 88' lang='lat' dir='ltr'>amplius,</span> <span class='ocrx_word' id='word_1_13' title='bbox 886 178 995 229; x_wconf 88' lang='lat' dir='ltr'>quod</span> <span class='ocrx_word' id='word_1_14' title='bbox 1038 185 1119 216; x_wconf 90' lang='lat' dir='ltr'>erat</span> <span class='ocrx_word' id='word_1_15' title='bbox 1158 179 1198 215; x_wconf 89' lang='lat' dir='ltr'>in</span> <span class='ocrx_word' id='word_1_16' title='bbox 1235 176 1372 228; x_wconf 89' lang='lat' dir='ltr'>primis</span> <span class='ocrx_word' id='word_1_17' title='bbox 1409 189 1610 227; x_wconf 86' lang='lat' dir='ltr'>magnum,</span> 
     </span>
     <span class='ocr_line' id='line_1_8' title="bbox 276 240 1611 294; baseline -0.004 -11"><span class='ocrx_word' id='word_1_18' title='bbox 276 244 316 283; x_wconf 91' lang='lat' dir='ltr'>in</span> <span class='ocrx_word' id='word_1_19' title='bbox 364 245 592 284; x_wconf 87' lang='lat' dir='ltr'>adversariis</span> <span class='ocrx_word' id='word_1_20' title='bbox 646 244 924 294; x_wconf 77' lang='lat' dir='ltr'>relinquebas?</span> <span class='ocrx_word' id='word_1_21' title='bbox 996 243 1171 281; x_wconf 88' lang='lat' dir='ltr'>Nolebas</span> <span class='ocrx_word' id='word_1_22' title='bbox 1220 242 1308 281; x_wconf 91' lang='lat' dir='ltr'>sciri</span> <span class='ocrx_word' id='word_1_23' title='bbox 1354 242 1500 281; x_wconf 89' lang='lat' dir='ltr'>debere</span> <span class='ocrx_word' id='word_1_24' title='bbox 1540 240 1611 279; x_wconf 90' lang='lat' dir='ltr'>tibi</span> 
     </span>
     <span class='ocr_line' id='line_1_9' title="bbox 278 309 1613 359; baseline -0.004 -10"><span class='ocrx_word' id='word_1_25' title='bbox 278 311 493 359; x_wconf 84' lang='lat' dir='ltr'>Roscium;</span> <span class='ocrx_word' id='word_1_26' title='bbox 527 324 595 349; x_wconf 91' lang='lat' dir='ltr'>cur</span> <span class='ocrx_word' id='word_1_27' title='bbox 626 310 855 348; x_wconf 78' lang='lat' dir='ltr'>scribebas?</span> <span class='ocrx_word' id='word_1_28' title='bbox 914 310 1093 358; x_wconf 79' lang='lat' dir='ltr'>Rogatus</span> <span class='ocrx_word' id='word_1_29' title='bbox 1127 321 1212 347; x_wconf 87' lang='lat' dir='ltr'>eras</span> <span class='ocrx_word' id='word_1_30' title='bbox 1242 321 1292 347; x_wconf 89' lang='lat' dir='ltr'>ne</span> <span class='ocrx_word' id='word_1_31' title='bbox 1321 309 1512 355; x_wconf 83' lang='lat' dir='ltr'>referres;</span> <span class='ocrx_word' id='word_1_32' title='bbox 1544 320 1613 345; x_wconf 89' lang='lat' dir='ltr'>cur</span> 
     </span>
     <span class='ocr_line' id='line_1_10' title="bbox 277 373 1007 425; baseline 0 -13"><span class='ocrx_word' id='word_1_33' title='bbox 277 374 320 414; x_wconf 86' lang='lat' dir='ltr'>in</span> <span class='ocrx_word' id='word_1_34' title='bbox 339 375 567 415; x_wconf 85' lang='lat' dir='ltr'>adversariis</span> <span class='ocrx_word' id='word_1_35' title='bbox 591 374 777 425; x_wconf 86' lang='lat' dir='ltr'>scriptum</span> <span class='ocrx_word' id='word_1_36' title='bbox 801 373 1007 412; x_wconf 76' lang='lat' dir='ltr'>habebas?</span> 
     </span>
    </p>

    <p class='ocr_par' dir='ltr' id='par_1_8' title="bbox 275 435 1676 1989">
     <span class='ocr_line' id='line_1_11' title="bbox 331 435 1649 490; baseline -0.003 -11"><span class='ocrx_word' id='word_1_37' title='bbox 331 441 409 479; x_wconf 90' lang='lat' dir='ltr'>Sed</span> <span class='ocrx_word' id='word_1_38' title='bbox 437 441 535 478; x_wconf 86' lang='lat' dir='ltr'>haec</span> <span class='ocrx_word' id='word_1_39' title='bbox 565 452 806 490; x_wconf 88' lang='lat' dir='ltr'>quamquam</span> <span class='ocrx_word' id='word_1_40' title='bbox 839 439 949 476; x_wconf 89' lang='lat' dir='ltr'>firma</span> <span class='ocrx_word' id='word_1_41' title='bbox 979 451 1065 476; x_wconf 88' lang='lat' dir='ltr'>esse</span> <span class='ocrx_word' id='word_1_42' title='bbox 1094 437 1222 485; x_wconf 80' lang='lat' dir='ltr'>video,</span> <span class='ocrx_word' id='word_1_43' title='bbox 1246 445 1379 476; x_wconf 87' lang='lat' dir='ltr'>tamen</span> <span class='ocrx_word' id='word_1_44' title='bbox 1405 436 1489 487; x_wconf 91' lang='lat' dir='ltr'>ipse</span> <span class='ocrx_word' id='word_1_45' title='bbox 1516 435 1612 475; x_wconf 89' lang='lat' dir='ltr'>mihi</span> <span class='ocrx_word' id='word_1_46' title='bbox 1633 450 1649 481; x_wconf 86' lang='lat'>5</span> 
     </span>
     <span class='ocr_line' id='line_1_12' title="bbox 276 501 1613 554; baseline -0.004 -10"><span class='ocrx_word' id='word_1_47' title='bbox 276 505 368 544; x_wconf 87' lang='lat' dir='ltr'>satis</span> <span class='ocrx_word' id='word_1_48' title='bbox 388 506 514 544; x_wconf 89' lang='lat' dir='ltr'>facere</span> <span class='ocrx_word' id='word_1_49' title='bbox 539 518 621 543; x_wconf 88' lang='lat' dir='ltr'>non</span> <span class='ocrx_word' id='word_1_50' title='bbox 648 517 821 554; x_wconf 86' lang='lat' dir='ltr'>possum,</span> <span class='ocrx_word' id='word_1_51' title='bbox 846 502 919 541; x_wconf 90' lang='lat' dir='ltr'>nisi</span> <span class='ocrx_word' id='word_1_52' title='bbox 940 516 962 540; x_wconf 88' lang='lat' dir='ltr'>a</span> <span class='ocrx_word' id='word_1_53' title='bbox 984 503 1028 542; x_wconf 93' lang='lat' dir='ltr'>C.</span> <span class='ocrx_word' id='word_1_54' title='bbox 1053 502 1206 541; x_wconf 87' lang='lat' dir='ltr'>Fannio</span> <span class='ocrx_word' id='word_1_55' title='bbox 1234 501 1320 552; x_wconf 89' lang='lat' dir='ltr'>ipso</span> <span class='ocrx_word' id='word_1_56' title='bbox 1341 501 1613 541; x_wconf 88' lang='lat' dir='ltr'>testimonium</span> 
     </span>
     <span class='ocr_line' id='line_1_13' title="bbox 276 568 1613 620; baseline -0.003 -11"><span class='ocrx_word' id='word_1_57' title='bbox 276 583 391 610; x_wconf 88' lang='lat' dir='ltr'>sumo</span> <span class='ocrx_word' id='word_1_58' title='bbox 425 571 527 609; x_wconf 88' lang='lat' dir='ltr'>hanc</span> <span class='ocrx_word' id='word_1_59' title='bbox 565 569 772 620; x_wconf 87' lang='lat' dir='ltr'>pecuniam</span> <span class='ocrx_word' id='word_1_60' title='bbox 809 568 843 607; x_wconf 92' lang='lat' dir='ltr'>ei</span> <span class='ocrx_word' id='word_1_61' title='bbox 874 582 954 606; x_wconf 88' lang='lat' dir='ltr'>non</span> <span class='ocrx_word' id='word_1_62' title='bbox 985 568 1130 607; x_wconf 91' lang='lat' dir='ltr'>deberi.</span> <span class='ocrx_word' id='word_1_63' title='bbox 1193 569 1386 618; x_wconf 85' lang='lat' dir='ltr'>Magnum</span> <span class='ocrx_word' id='word_1_64' title='bbox 1416 575 1474 606; x_wconf 89' lang='lat' dir='ltr'>est</span> <span class='ocrx_word' id='word_1_65' title='bbox 1504 568 1613 617; x_wconf 90' lang='lat' dir='ltr'>quod</span> 
     </span>
     <span class='ocr_line' id='line_1_14' title="bbox 276 633 1615 684; baseline -0.002 -10"><span class='ocrx_word' id='word_1_66' title='bbox 276 640 409 684; x_wconf 76' lang='lat' dir='ltr'>co‘nor,</span> <span class='ocrx_word' id='word_1_67' title='bbox 442 635 598 674; x_wconf 83' lang='lat' dir='ltr'>difficile</span> <span class='ocrx_word' id='word_1_68' title='bbox 628 642 686 673; x_wconf 90' lang='lat' dir='ltr'>est</span> <span class='ocrx_word' id='word_1_69' title='bbox 717 635 823 684; x_wconf 93' lang='lat' dir='ltr'>quod</span> <span class='ocrx_word' id='word_1_70' title='bbox 856 633 1073 684; x_wconf 84' lang='lat' dir='ltr'>polliceor;</span> <span class='ocrx_word' id='word_1_71' title='bbox 1101 633 1175 671; x_wconf 91' lang='lat' dir='ltr'>nisi</span> <span class='ocrx_word' id='word_1_72' title='bbox 1205 634 1377 672; x_wconf 88' lang='lat' dir='ltr'>eundem</span> <span class='ocrx_word' id='word_1_73' title='bbox 1409 640 1448 672; x_wconf 91' lang='lat' dir='ltr'>et</span> <span class='ocrx_word' id='word_1_74' title='bbox 1481 634 1615 672; x_wconf 90' lang='lat' dir='ltr'>adver-</span> 
     </span>
     <span class='ocr_line' id='line_1_15' title="bbox 278 698 1614 747; baseline -0.001 -8"><span class='ocrx_word' id='word_1_75' title='bbox 278 700 421 739; x_wconf 88' lang='lat' dir='ltr'>sarium</span> <span class='ocrx_word' id='word_1_76' title='bbox 451 708 488 739; x_wconf 90' lang='lat' dir='ltr'>et</span> <span class='ocrx_word' id='word_1_77' title='bbox 518 707 658 739; x_wconf 89' lang='lat' dir='ltr'>testem</span> <span class='ocrx_word' id='word_1_78' title='bbox 690 699 870 738; x_wconf 83' lang='lat' dir='ltr'>habuerit</span> <span class='ocrx_word' id='word_1_79' title='bbox 902 698 1083 747; x_wconf 86' lang='lat' dir='ltr'>Roscius,</span> <span class='ocrx_word' id='word_1_80' title='bbox 1114 700 1209 738; x_wconf 92' lang='lat' dir='ltr'>nolo</span> <span class='ocrx_word' id='word_1_81' title='bbox 1237 698 1378 738; x_wconf 87' lang='lat' dir='ltr'>vincat.</span> <span class='ocrx_word' id='word_1_82' title='bbox 1439 698 1614 737; x_wconf 85' lang='lat' dir='ltr'>Pecunia</span> 
     </span>
     <span class='ocr_line' id='line_1_16' title="bbox 277 763 1674 814; baseline -0.004 -10"><span class='ocrx_word' id='word_1_83' title='bbox 277 765 348 804; x_wconf 88' lang='lat' dir='ltr'>tibi</span> <span class='ocrx_word' id='word_1_84' title='bbox 369 765 587 804; x_wconf 84' lang='lat' dir='ltr'>debebatur</span> <span class='ocrx_word' id='word_1_85' title='bbox 607 773 720 811; x_wconf 88' lang='lat' dir='ltr'>certa,</span> <span class='ocrx_word' id='word_1_86' title='bbox 745 778 846 814; x_wconf 91' lang='lat' dir='ltr'>quae</span> <span class='ocrx_word' id='word_1_87' title='bbox 871 777 978 803; x_wconf 87' lang='lat' dir='ltr'>nunc</span> <span class='ocrx_word' id='word_1_88' title='bbox 1008 763 1152 814; x_wconf 91' lang='lat' dir='ltr'>petitur</span> <span class='ocrx_word' id='word_1_89' title='bbox 1178 777 1246 814; x_wconf 90' lang='lat' dir='ltr'>per</span> <span class='ocrx_word' id='word_1_90' title='bbox 1266 763 1450 811; x_wconf 89' lang='lat' dir='ltr'>iudicem,</span> <span class='ocrx_word' id='word_1_91' title='bbox 1474 763 1514 802; x_wconf 90' lang='lat' dir='ltr'>in</span> <span class='ocrx_word' id='word_1_92' title='bbox 1535 777 1613 814; x_wconf 87' lang='lat' dir='ltr'>qua</span> <span class='ocrx_word' id='word_1_93' title='bbox 1634 777 1674 800; x_wconf 90' lang='lat'>10</span> 
     </span>
     <span class='ocr_line' id='line_1_17' title="bbox 276 828 1613 880; baseline -0.001 -12"><span class='ocrx_word' id='word_1_94' title='bbox 276 830 471 880; x_wconf 85' lang='lat' dir='ltr'>legitimae</span> <span class='ocrx_word' id='word_1_95' title='bbox 501 830 619 880; x_wconf 89' lang='lat' dir='ltr'>partis</span> <span class='ocrx_word' id='word_1_96' title='bbox 650 829 810 880; x_wconf 90' lang='lat' dir='ltr'>sponsio</span> <span class='ocrx_word' id='word_1_97' title='bbox 840 831 942 868; x_wconf 86' lang='lat' dir='ltr'>facta</span> <span class='ocrx_word' id='word_1_98' title='bbox 971 837 1041 867; x_wconf 85' lang='lat' dir='ltr'>est.</span> <span class='ocrx_word' id='word_1_99' title='bbox 1101 828 1182 867; x_wconf 90' lang='lat' dir='ltr'>Hic</span> <span class='ocrx_word' id='word_1_100' title='bbox 1211 837 1253 867; x_wconf 89' lang='lat' dir='ltr'>tu</span> <span class='ocrx_word' id='word_1_101' title='bbox 1283 829 1315 867; x_wconf 87' lang='lat' dir='ltr'>si</span> <span class='ocrx_word' id='word_1_102' title='bbox 1343 829 1511 880; x_wconf 88' lang='lat' dir='ltr'>amplius</span> <span class='ocrx_word' id='word_1_103' title='bbox 1544 828 1613 867; x_wconf 86' lang='lat' dir='ltr'>HS</span> 
     </span>
     <span class='ocr_line' id='line_1_18' title="bbox 276 893 1611 944; baseline -0.001 -11"><span class='ocrx_word' id='word_1_104' title='bbox 276 908 440 934; x_wconf 86' lang='lat' dir='ltr'>nummo</span> <span class='ocrx_word' id='word_1_105' title='bbox 470 894 610 944; x_wconf 90' lang='lat' dir='ltr'>petisti,</span> <span class='ocrx_word' id='word_1_106' title='bbox 644 908 763 944; x_wconf 85' lang='lat' dir='ltr'>quam</span> <span class='ocrx_word' id='word_1_107' title='bbox 794 893 864 932; x_wconf 93' lang='lat' dir='ltr'>tibi</span> <span class='ocrx_word' id='word_1_108' title='bbox 895 893 1075 933; x_wconf 89' lang='lat' dir='ltr'>debitum</span> <span class='ocrx_word' id='word_1_109' title='bbox 1106 901 1177 942; x_wconf 89' lang='lat' dir='ltr'>est,</span> <span class='ocrx_word' id='word_1_110' title='bbox 1207 907 1366 932; x_wconf 86' lang='lat' dir='ltr'>causam</span> <span class='ocrx_word' id='word_1_111' title='bbox 1396 893 1611 944; x_wconf 84' lang='lat' dir='ltr'>perdidisti,</span> 
     </span>
     <span class='ocr_line' id='line_1_19' title="bbox 276 958 1610 1010; baseline 0 -12"><span class='ocrx_word' id='word_1_112' title='bbox 276 967 480 1010; x_wconf 90' lang='lat' dir='ltr'>propterea</span> <span class='ocrx_word' id='word_1_113' title='bbox 518 961 627 1009; x_wconf 91' lang='lat' dir='ltr'>quod</span> <span class='ocrx_word' id='word_1_114' title='bbox 666 959 774 998; x_wconf 89' lang='lat' dir='ltr'>aliud</span> <span class='ocrx_word' id='word_1_115' title='bbox 814 966 871 997; x_wconf 89' lang='lat' dir='ltr'>est</span> <span class='ocrx_word' id='word_1_116' title='bbox 911 958 1115 1007; x_wconf 85' lang='lat' dir='ltr'>iudicium,</span> <span class='ocrx_word' id='word_1_117' title='bbox 1154 958 1262 998; x_wconf 90' lang='lat' dir='ltr'>aliud</span> <span class='ocrx_word' id='word_1_118' title='bbox 1301 966 1359 997; x_wconf 86' lang='lat' dir='ltr'>est</span> <span class='ocrx_word' id='word_1_119' title='bbox 1396 959 1610 998; x_wconf 87' lang='lat' dir='ltr'>arbitrium.</span> 
     </span>
     <span class='ocr_line' id='line_1_20' title="bbox 277 1024 1615 1075; baseline 0.001 -12"><span class='ocrx_word' id='word_1_120' title='bbox 277 1024 475 1063; x_wconf 86' lang='lat' dir='ltr'>Iudicium</span> <span class='ocrx_word' id='word_1_121' title='bbox 510 1032 568 1063; x_wconf 90' lang='lat' dir='ltr'>est</span> <span class='ocrx_word' id='word_1_122' title='bbox 602 1025 793 1075; x_wconf 88' lang='lat' dir='ltr'>pecuniae</span> <span class='ocrx_word' id='word_1_123' title='bbox 829 1032 968 1072; x_wconf 88' lang='lat' dir='ltr'>certae,</span> <span class='ocrx_word' id='word_1_124' title='bbox 1005 1024 1208 1063; x_wconf 85' lang='lat' dir='ltr'>arbitrium</span> <span class='ocrx_word' id='word_1_125' title='bbox 1244 1024 1440 1072; x_wconf 80' lang='lat' dir='ltr'>incertae3</span> <span class='ocrx_word' id='word_1_126' title='bbox 1479 1026 1529 1064; x_wconf 89' lang='lat' dir='ltr'>ad</span> <span class='ocrx_word' id='word_1_127' title='bbox 1561 1025 1615 1064; x_wconf 89' lang='lat' dir='ltr'>iu-</span> 
     </span>
     <span class='ocr_line' id='line_1_21' title="bbox 275 1088 1673 1137; baseline 0.001 -10"><span class='ocrx_word' id='word_1_128' title='bbox 275 1088 423 1128; x_wconf 91' lang='lat' dir='ltr'>dicium</span> <span class='ocrx_word' id='word_1_129' title='bbox 454 1090 529 1128; x_wconf 89' lang='lat' dir='ltr'>hoc</span> <span class='ocrx_word' id='word_1_130' title='bbox 560 1092 680 1128; x_wconf 91' lang='lat' dir='ltr'>modo</span> <span class='ocrx_word' id='word_1_131' title='bbox 701 1089 880 1128; x_wconf 83' lang='lat' dir='ltr'>venimus</span> <span class='ocrx_word' id='word_1_132' title='bbox 902 1097 944 1128; x_wconf 92' lang='lat' dir='ltr'>ut</span> <span class='ocrx_word' id='word_1_133' title='bbox 973 1097 1096 1128; x_wconf 88' lang='lat' dir='ltr'>totam</span> <span class='ocrx_word' id='word_1_134' title='bbox 1127 1090 1236 1128; x_wconf 85' lang='lat' dir='ltr'>litem</span> <span class='ocrx_word' id='word_1_135' title='bbox 1266 1098 1333 1128; x_wconf 90' lang='lat' dir='ltr'>aut</span> <span class='ocrx_word' id='word_1_136' title='bbox 1362 1090 1613 1129; x_wconf 87' lang='lat' dir='ltr'>obtineamus</span> <span class='ocrx_word' id='word_1_137' title='bbox 1637 1106 1673 1137; x_wconf 86' lang='lat'>15</span> 
     </span>
     <span class='ocr_line' id='line_1_22' title="bbox 275 1155 1615 1206; baseline 0.001 -13"><span class='ocrx_word' id='word_1_138' title='bbox 275 1162 343 1194; x_wconf 89' lang='lat' dir='ltr'>aut</span> <span class='ocrx_word' id='word_1_139' title='bbox 363 1155 589 1194; x_wconf 87' lang='lat' dir='ltr'>amittamus</span> <span class='ocrx_word' id='word_1_140' title='bbox 604 1170 614 1204; x_wconf 78' lang='lat'><em>3</em></span> <span class='ocrx_word' id='word_1_141' title='bbox 643 1157 694 1194; x_wconf 90' lang='lat' dir='ltr'>ad</span> <span class='ocrx_word' id='word_1_142' title='bbox 724 1155 926 1194; x_wconf 85' lang='lat' dir='ltr'>arbitrium</span> <span class='ocrx_word' id='word_1_143' title='bbox 956 1156 1033 1194; x_wconf 86' lang='lat' dir='ltr'>hoe</span> <span class='ocrx_word' id='word_1_144' title='bbox 1063 1157 1197 1194; x_wconf 88' lang='lat' dir='ltr'>animo</span> <span class='ocrx_word' id='word_1_145' title='bbox 1226 1155 1382 1194; x_wconf 87' lang='lat' dir='ltr'>adimus</span> <span class='ocrx_word' id='word_1_146' title='bbox 1413 1163 1455 1194; x_wconf 86' lang='lat' dir='ltr'>ut</span> <span class='ocrx_word' id='word_1_147' title='bbox 1484 1169 1615 1206; x_wconf 87' lang='lat' dir='ltr'>neque</span> 
     </span>
     <span class='ocr_line' id='line_1_23' title="bbox 276 1219 1611 1277; baseline 0.001 -19"><span class='ocrx_word' id='word_1_148' title='bbox 276 1219 374 1258; x_wconf 89' lang='lat' dir='ltr'>nihil</span> <span class='ocrx_word' id='word_1_149' title='bbox 406 1234 536 1271; x_wconf 91' lang='lat' dir='ltr'>neque</span> <span class='ocrx_word' id='word_1_150' title='bbox 574 1228 727 1277; x_wconf 82' lang='lat' dir='ltr'>tantum</span> <span class='ocrx_word' id='word_1_151' title='bbox 763 1228 955 1270; x_wconf 88' lang='lat' dir='ltr'>quantum</span> <span class='ocrx_word' id='word_1_152' title='bbox 991 1220 1276 1271; x_wconf 87' lang='lat' dir='ltr'>postulavimus</span> <span class='ocrx_word' id='word_1_153' title='bbox 1312 1234 1611 1270; x_wconf 85' lang='lat' dir='ltr'>consequamur.</span> 
     </span>
     <span class='ocr_line' id='line_1_24' title="bbox 278 1285 1614 1336; baseline 0 -12"><span class='ocrx_word' id='word_1_154' title='bbox 278 1285 326 1324; x_wconf 91' lang='lat' dir='ltr'>Ei</span> <span class='ocrx_word' id='word_1_155' title='bbox 358 1285 411 1324; x_wconf 91' lang='lat' dir='ltr'>rei</span> <span class='ocrx_word' id='word_1_156' title='bbox 441 1285 525 1336; x_wconf 86' lang='lat' dir='ltr'>ipsa</span> <span class='ocrx_word' id='word_1_157' title='bbox 553 1286 672 1324; x_wconf 87' lang='lat' dir='ltr'>verba</span> <span class='ocrx_word' id='word_1_158' title='bbox 702 1287 891 1325; x_wconf 87' lang='lat' dir='ltr'>formulae</span> <span class='ocrx_word' id='word_1_159' title='bbox 922 1285 1149 1325; x_wconf 89' lang='lat' dir='ltr'>testimonio</span> <span class='ocrx_word' id='word_1_160' title='bbox 1186 1293 1288 1324; x_wconf 81' lang='lat' dir='ltr'>sunt.</span> <span class='ocrx_word' id='word_1_161' title='bbox 1348 1286 1456 1334; x_wconf 86' lang='lat' dir='ltr'>Quid</span> <span class='ocrx_word' id='word_1_162' title='bbox 1487 1293 1544 1324; x_wconf 88' lang='lat' dir='ltr'>est</span> <span class='ocrx_word' id='word_1_163' title='bbox 1574 1285 1614 1324; x_wconf 88' lang='lat' dir='ltr'>in</span> 
     </span>
     <span class='ocr_line' id='line_1_25' title="bbox 277 1351 1614 1402; baseline -0.001 -12"><span class='ocrx_word' id='word_1_164' title='bbox 277 1351 454 1391; x_wconf 89' lang='lat' dir='ltr'>iudicio?</span> <span class='ocrx_word' id='word_1_165' title='bbox 512 1354 737 1399; x_wconf 86' lang='lat' dir='ltr'>Derectum‚</span> <span class='ocrx_word' id='word_1_166' title='bbox 760 1365 954 1402; x_wconf 87' lang='lat' dir='ltr'>asperum,</span> <span class='ocrx_word' id='word_1_167' title='bbox 977 1351 1167 1402; x_wconf 82' lang='lat' dir='ltr'>simplex:</span> <span class='ocrx_word' id='word_1_168' title='bbox 1199 1363 1233 1390; x_wconf 81' lang='lat' dir='ltr'>SI</span> <span class='ocrx_word' id='word_1_169' title='bbox 1258 1363 1393 1389; x_wconf 82' lang='lat' dir='ltr'><strong>PARET</strong></span> <span class='ocrx_word' id='word_1_170' title='bbox 1422 1352 1492 1390; x_wconf 88' lang='lat' dir='ltr'>HS</span> <span class='ocrx_word' id='word_1_171' title='bbox 1523 1363 1614 1390; x_wconf 92' lang='lat'>1033</span> 
     </span>
     <span class='ocr_line' id='line_1_26' title="bbox 277 1415 1676 1467; baseline -0.001 -12"><span class='ocrx_word' id='word_1_172' title='bbox 277 1429 460 1455; x_wconf 87' lang='lat' dir='ltr'>DAR1—.</span> <span class='ocrx_word' id='word_1_173' title='bbox 522 1418 602 1455; x_wconf 89' lang='lat' dir='ltr'>Hic</span> <span class='ocrx_word' id='word_1_174' title='bbox 623 1416 697 1455; x_wconf 90' lang='lat' dir='ltr'>nisi</span> <span class='ocrx_word' id='word_1_175' title='bbox 718 1418 879 1467; x_wconf 89' lang='lat' dir='ltr'>planum</span> <span class='ocrx_word' id='word_1_176' title='bbox 908 1416 999 1455; x_wconf 83' lang='lat' dir='ltr'>facit</span> <span class='ocrx_word' id='word_1_177' title='bbox 1030 1418 1100 1455; x_wconf 87' lang='lat' dir='ltr'>Hs</span> <span class='ocrx_word' id='word_1_178' title='bbox 1132 1429 1223 1456; x_wconf 87' lang='grc'>1333</span> <span class='ocrx_word' id='word_1_179' title='bbox 1252 1418 1303 1456; x_wconf 89' lang='lat' dir='ltr'>ad</span> <span class='ocrx_word' id='word_1_180' title='bbox 1334 1416 1507 1455; x_wconf 90' lang='lat' dir='ltr'>libellam</span> <span class='ocrx_word' id='word_1_181' title='bbox 1538 1415 1612 1454; x_wconf 91' lang='lat' dir='ltr'>sibi</span> <span class='ocrx_word' id='word_1_182' title='bbox 1634 1431 1676 1453; x_wconf 88' lang='lat'>20</span> 
     </span>
     <span class='ocr_line' id='line_1_27' title="bbox 275 1481 1612 1533; baseline -0.001 -12"><span class='ocrx_word' id='word_1_183' title='bbox 275 1481 424 1529; x_wconf 75' lang='lat' dir='ltr'>deberi,</span> <span class='ocrx_word' id='word_1_184' title='bbox 471 1495 630 1520; x_wconf 89' lang='lat' dir='ltr'>causam</span> <span class='ocrx_word' id='word_1_185' title='bbox 678 1482 815 1533; x_wconf 87' lang='lat' dir='ltr'>perdit.</span> <span class='ocrx_word' id='word_1_186' title='bbox 889 1482 998 1532; x_wconf 86' lang='lat' dir='ltr'>Quid</span> <span class='ocrx_word' id='word_1_187' title='bbox 1046 1490 1104 1521; x_wconf 87' lang='lat' dir='ltr'>est</span> <span class='ocrx_word' id='word_1_188' title='bbox 1152 1482 1190 1521; x_wconf 93' lang='lat' dir='ltr'>in</span> <span class='ocrx_word' id='word_1_189' title='bbox 1239 1482 1429 1522; x_wconf 88' lang='lat' dir='ltr'>arbitrio?</span> <span class='ocrx_word' id='word_1_190' title='bbox 1500 1481 1612 1530; x_wconf 87' lang='lat' dir='ltr'>Mite,</span> 
     </span>
     <span class='ocr_line' id='line_1_28' title="bbox 276 1548 1615 1592; baseline 0 -6"><span class='ocrx_word' id='word_1_191' title='bbox 276 1548 548 1586; x_wconf 89' lang='lat' dir='ltr'>moderatum:</span> <span class='ocrx_word' id='word_1_192' title='bbox 579 1559 781 1592; x_wconf 77' lang='lat' dir='ltr'><strong>QVANTVM</strong></span> <span class='ocrx_word' id='word_1_193' title='bbox 812 1559 988 1592; x_wconf 81' lang='lat' dir='ltr'>AEQVIVS</span> <span class='ocrx_word' id='word_1_194' title='bbox 1020 1559 1071 1586; x_wconf 86' lang='lat' dir='ltr'>ET</span> <span class='ocrx_word' id='word_1_195' title='bbox 1102 1559 1254 1586; x_wconf 83' lang='lat' dir='ltr'><strong>MELIVS</strong></span> <span class='ocrx_word' id='word_1_196' title='bbox 1280 1559 1343 1586; x_wconf 84' lang='lat' dir='ltr'>S1T</span> <span class='ocrx_word' id='word_1_197' title='bbox 1368 1560 1482 1586; x_wconf 86' lang='lat' dir='ltr'>DARI.</span> <span class='ocrx_word' id='word_1_198' title='bbox 1542 1548 1615 1586; x_wconf 90' lang='lat' dir='ltr'>Ille</span> 
     </span>
     <span class='ocr_line' id='line_1_29' title="bbox 276 1612 1613 1664; baseline 0.001 -14"><span class='ocrx_word' id='word_1_199' title='bbox 276 1621 407 1651; x_wconf 86' lang='lat' dir='ltr'>tamen</span> <span class='ocrx_word' id='word_1_200' title='bbox 440 1613 650 1651; x_wconf 88' lang='lat' dir='ltr'>confitetur</span> <span class='ocrx_word' id='word_1_201' title='bbox 679 1615 766 1663; x_wconf 89' lang='lat' dir='ltr'>plus</span> <span class='ocrx_word' id='word_1_202' title='bbox 802 1627 843 1652; x_wconf 92' lang='lat' dir='ltr'>se</span> <span class='ocrx_word' id='word_1_203' title='bbox 873 1621 1007 1664; x_wconf 88' lang='lat' dir='ltr'>petere</span> <span class='ocrx_word' id='word_1_204' title='bbox 1036 1627 1156 1664; x_wconf 90' lang='lat' dir='ltr'>quam</span> <span class='ocrx_word' id='word_1_205' title='bbox 1186 1613 1390 1661; x_wconf 80' lang='lat' dir='ltr'>debeatur,</span> <span class='ocrx_word' id='word_1_206' title='bbox 1420 1615 1490 1652; x_wconf 90' lang='lat' dir='ltr'>sed</span> <span class='ocrx_word' id='word_1_207' title='bbox 1521 1612 1613 1652; x_wconf 83' lang='lat' dir='ltr'>satis</span> 
     </span>
     <span class='ocr_line' id='line_1_30' title="bbox 276 1678 1614 1729; baseline 0 -13"><span class='ocrx_word' id='word_1_208' title='bbox 276 1691 471 1728; x_wconf 85' lang='lat' dir='ltr'>superque</span> <span class='ocrx_word' id='word_1_209' title='bbox 488 1678 632 1717; x_wconf 88' lang='lat' dir='ltr'>habere</span> <span class='ocrx_word' id='word_1_210' title='bbox 649 1678 743 1717; x_wconf 91' lang='lat' dir='ltr'>dicit</span> <span class='ocrx_word' id='word_1_211' title='bbox 765 1680 874 1729; x_wconf 91' lang='lat' dir='ltr'>quod</span> <span class='ocrx_word' id='word_1_212' title='bbox 895 1678 969 1718; x_wconf 90' lang='lat' dir='ltr'>sibi</span> <span class='ocrx_word' id='word_1_213' title='bbox 989 1679 1040 1717; x_wconf 88' lang='lat' dir='ltr'>ab</span> <span class='ocrx_word' id='word_1_214' title='bbox 1060 1678 1205 1717; x_wconf 89' lang='lat' dir='ltr'>arbitro</span> <span class='ocrx_word' id='word_1_215' title='bbox 1222 1678 1423 1717; x_wconf 67' lang='lat' dir='ltr'>tribuatur.</span> <span class='ocrx_word' id='word_1_216' title='bbox 1473 1680 1614 1728; x_wconf 88' lang='lat' dir='ltr'>Itaque</span> 
     </span>
     <span class='ocr_line' id='line_1_31' title="bbox 276 1743 1672 1793; baseline -0.001 -12"><span class='ocrx_word' id='word_1_217' title='bbox 276 1744 372 1781; x_wconf 87' lang='lat' dir='ltr'>alter</span> <span class='ocrx_word' id='word_1_218' title='bbox 409 1756 550 1782; x_wconf 87' lang='lat' dir='ltr'>causae</span> <span class='ocrx_word' id='word_1_219' title='bbox 589 1744 764 1791; x_wconf 87' lang='lat' dir='ltr'>confidit,</span> <span class='ocrx_word' id='word_1_220' title='bbox 807 1746 904 1783; x_wconf 87' lang='lat' dir='ltr'>alter</span> <span class='ocrx_word' id='word_1_221' title='bbox 943 1743 1096 1783; x_wconf 88' lang='lat' dir='ltr'>diffidit.</span> <span class='ocrx_word' id='word_1_222' title='bbox 1157 1745 1271 1793; x_wconf 86' lang='lat' dir='ltr'>Quae</span> <span class='ocrx_word' id='word_1_223' title='bbox 1305 1758 1397 1783; x_wconf 88' lang='lat' dir='ltr'>cum</span> <span class='ocrx_word' id='word_1_224' title='bbox 1436 1744 1488 1783; x_wconf 86' lang='lat' dir='ltr'>ita</span> <span class='ocrx_word' id='word_1_225' title='bbox 1523 1744 1610 1792; x_wconf 90' lang='lat' dir='ltr'>sint,</span> <span class='ocrx_word' id='word_1_226' title='bbox 1636 1760 1672 1791; x_wconf 87' lang='lat'>²5</span> 
     </span>
     <span class='ocr_line' id='line_1_32' title="bbox 277 1808 1615 1860; baseline 0.001 -14"><span class='ocrx_word' id='word_1_227' title='bbox 277 1821 423 1858; x_wconf 86' lang='lat' dir='ltr'>quaero</span> <span class='ocrx_word' id='word_1_228' title='bbox 443 1808 513 1846; x_wconf 87' lang='lat' dir='ltr'>abs</span> <span class='ocrx_word' id='word_1_229' title='bbox 534 1816 572 1846; x_wconf 92' lang='lat' dir='ltr'>te</span> <span class='ocrx_word' id='word_1_230' title='bbox 593 1808 689 1858; x_wconf 91' lang='lat' dir='ltr'>quid</span> <span class='ocrx_word' id='word_1_231' title='bbox 711 1808 763 1847; x_wconf 91' lang='lat' dir='ltr'>ita</span> <span class='ocrx_word' id='word_1_232' title='bbox 784 1810 835 1848; x_wconf 92' lang='lat' dir='ltr'>de</span> <span class='ocrx_word' id='word_1_233' title='bbox 856 1810 929 1848; x_wconf 89' lang='lat' dir='ltr'>hac</span> <span class='ocrx_word' id='word_1_234' title='bbox 950 1809 1128 1860; x_wconf 88' lang='lat' dir='ltr'>pecunia,</span> <span class='ocrx_word' id='word_1_235' title='bbox 1151 1810 1202 1848; x_wconf 91' lang='lat' dir='ltr'>de</span> <span class='ocrx_word' id='word_1_236' title='bbox 1223 1809 1282 1847; x_wconf 91' lang='lat' dir='ltr'>his</span> <span class='ocrx_word' id='word_1_237' title='bbox 1303 1809 1396 1860; x_wconf 90' lang='lat' dir='ltr'>ipsis</span> <span class='ocrx_word' id='word_1_238' title='bbox 1420 1810 1487 1848; x_wconf 89' lang='lat' dir='ltr'>HS</span> <span class='ocrx_word' id='word_1_239' title='bbox 1510 1821 1615 1856; x_wconf 88' lang='lat'>1000,</span> 
     </span>
     <span class='ocr_line' id='line_1_33' title="bbox 276 1874 1613 1924; baseline 0.001 -13"><span class='ocrx_word' id='word_1_240' title='bbox 276 1874 327 1912; x_wconf 88' lang='lat' dir='ltr'>de</span> <span class='ocrx_word' id='word_1_241' title='bbox 356 1880 510 1911; x_wconf 90' lang='lat' dir='ltr'>tuarum</span> <span class='ocrx_word' id='word_1_242' title='bbox 541 1874 762 1912; x_wconf 86' lang='lat' dir='ltr'>tabularum</span> <span class='ocrx_word' id='word_1_243' title='bbox 793 1875 872 1913; x_wconf 89' lang='lat' dir='ltr'>fide</span> <span class='ocrx_word' id='word_1_244' title='bbox 902 1874 1231 1924; x_wconf 89' lang='lat' dir='ltr'>compromissum</span> <span class='ocrx_word' id='word_1_245' title='bbox 1254 1874 1402 1921; x_wconf 87' lang='lat' dir='ltr'>feceris,</span> <span class='ocrx_word' id='word_1_246' title='bbox 1425 1874 1613 1913; x_wconf 89' lang='lat' dir='ltr'>arbitrum</span> 
     </span>
     <span class='ocr_line' id='line_1_34' title="bbox 276 1937 1615 1989; baseline 0.001 -13"><span class='ocrx_word' id='word_1_247' title='bbox 276 1937 486 1989; x_wconf 87' lang='lat' dir='ltr'>sumpseris</span> <span class='ocrx_word' id='word_1_248' title='bbox 509 1950 711 1983; x_wconf 78' lang='lat' dir='ltr'><strong>QVANTVM</strong></span> <span class='ocrx_word' id='word_1_249' title='bbox 729 1951 905 1985; x_wconf 82' lang='lat' dir='ltr'>AEQV1vs</span> <span class='ocrx_word' id='word_1_250' title='bbox 926 1951 978 1977; x_wconf 87' lang='lat' dir='ltr'>ET</span> <span class='ocrx_word' id='word_1_251' title='bbox 999 1951 1151 1978; x_wconf 71' lang='lat' dir='ltr'>Mssles</span> <span class='ocrx_word' id='word_1_252' title='bbox 1173 1951 1237 1977; x_wconf 80' lang='lat' dir='ltr'>siT</span> <span class='ocrx_word' id='word_1_253' title='bbox 1257 1951 1359 1977; x_wconf 78' lang='lat' dir='ltr'><strong>DARI</strong></span> <span class='ocrx_word' id='word_1_254' title='bbox 1382 1951 1615 1978; x_wconf 78' lang='lat' dir='ltr'><strong>REPROMIT-</strong></span> 
     </span>
    </p>
   </div>
   <div class='ocr_carea' id='block_1_8' title="bbox 274 2040 1613 2342">
    <p class='ocr_par' dir='ltr' id='par_1_9' title="bbox 274 2040 1613 2342">
     <span class='ocr_line' id='line_1_35' title="bbox 323 2040 1612 2082; baseline 0 -11"><span class='ocrx_word' id='word_1_255' title='bbox 323 2050 362 2072; x_wconf 87' lang='lat'>10</span> <span class='ocrx_word' id='word_1_256' title='bbox 386 2040 546 2071; x_wconf 86' lang='lat' dir='ltr'>debeatur</span> <span class='ocrx_word' id='word_1_257' title='bbox 565 2040 652 2072; x_wconf 88' lang='lat' dir='ltr'>codd.</span> <span class='ocrx_word' id='word_1_258' title='bbox 672 2053 678 2072; x_wconf 90' lang='lat'>:</span> <span class='ocrx_word' id='word_1_259' title='bbox 703 2052 780 2073; x_wconf 73' lang='lat' dir='ltr'>corr.</span> <span class='ocrx_word' id='word_1_260' title='bbox 800 2041 991 2082; x_wconf 70' lang='lat' dir='ltr'>Naugerius</span> <span class='ocrx_word' id='word_1_261' title='bbox 1009 2042 1057 2079; x_wconf 61' lang='lat'>(1)</span> <span class='ocrx_word' id='word_1_262' title='bbox 1190 2043 1228 2072; x_wconf 90' lang='lat'>16</span> <span class='ocrx_word' id='word_1_263' title='bbox 1253 2041 1443 2072; x_wconf 80' lang='lat' dir='ltr'>amittamus</span> <span class='ocrx_word' id='word_1_264' title='bbox 1462 2041 1490 2081; x_wconf 81' lang='lat' dir='ltr'>k,</span> <span class='ocrx_word' id='word_1_265' title='bbox 1513 2040 1612 2071; x_wconf 81' lang='lat' dir='ltr'>Bero-</span> 
     </span>
     <span class='ocr_line' id='line_1_36' title="bbox 275 2084 1611 2124; baseline 0.001 -10"><span class='ocrx_word' id='word_1_266' title='bbox 275 2084 395 2115; x_wconf 85' lang='lat' dir='ltr'>aldus:</span> <span class='ocrx_word' id='word_1_267' title='bbox 418 2085 613 2116; x_wconf 85' lang='lat' dir='ltr'>omittamus</span> <span class='ocrx_word' id='word_1_268' title='bbox 630 2090 694 2117; x_wconf 78' lang='lat' dir='ltr'>cett.</span> <span class='ocrx_word' id='word_1_269' title='bbox 813 2087 851 2116; x_wconf 89' lang='lat'>18</span> <span class='ocrx_word' id='word_1_270' title='bbox 876 2086 905 2116; x_wconf 88' lang='lat' dir='ltr'>ei</span> <span class='ocrx_word' id='word_1_271' title='bbox 926 2085 1066 2116; x_wconf 78' lang='lat' dir='ltr'>Miiller:</span> <span class='ocrx_word' id='word_1_272' title='bbox 1093 2086 1165 2116; x_wconf 85' lang='lat' dir='ltr'>eius</span> <span class='ocrx_word' id='word_1_273' title='bbox 1179 2084 1267 2117; x_wconf 81' lang='lat' dir='ltr'>codd.</span> <span class='ocrx_word' id='word_1_274' title='bbox 1384 2096 1423 2124; x_wconf 91' lang='lat'>19</span> <span class='ocrx_word' id='word_1_275' title='bbox 1448 2085 1611 2116; x_wconf 79' lang='lat' dir='ltr'>directum</span> 
     </span>
     <span class='ocr_line' id='line_1_37' title="bbox 274 2128 1611 2169; baseline -0.001 -10"><span class='ocrx_word' id='word_1_276' title='bbox 274 2128 386 2159; x_wconf 88' lang='lat' dir='ltr'>codd.:</span> <span class='ocrx_word' id='word_1_277' title='bbox 419 2139 498 2160; x_wconf 80' lang='lat' dir='ltr'>corr.</span> <span class='ocrx_word' id='word_1_278' title='bbox 526 2128 649 2160; x_wconf 68' lang='lat' dir='ltr'>Muller</span> <span class='ocrx_word' id='word_1_279' title='bbox 778 2130 806 2160; x_wconf 88' lang='lat' dir='ltr'>si</span> <span class='ocrx_word' id='word_1_280' title='bbox 832 2134 961 2169; x_wconf 88' lang='lat' dir='ltr'>peteret</span> <span class='ocrx_word' id='word_1_281' title='bbox 978 2129 1092 2160; x_wconf 82' lang='lat' dir='ltr'>codd.:</span> <span class='ocrx_word' id='word_1_282' title='bbox 1126 2140 1204 2160; x_wconf 83' lang='lat' dir='ltr'>corr.</span> <span class='ocrx_word' id='word_1_283' title='bbox 1226 2128 1418 2159; x_wconf 80' lang='lat' dir='ltr'>Lambinus</span> <span class='ocrx_word' id='word_1_284' title='bbox 1442 2129 1495 2168; x_wconf 84' lang='lat' dir='ltr'>(cf.</span> <span class='ocrx_word' id='word_1_285' title='bbox 1519 2132 1533 2166; x_wconf 84' lang='lat'>§</span> <span class='ocrx_word' id='word_1_286' title='bbox 1557 2130 1611 2168; x_wconf 82' lang='lat'>12)</span> 
     </span>
     <span class='ocr_line' id='line_1_38' title="bbox 277 2171 1612 2213; baseline -0.001 -10"><span class='ocrx_word' id='word_1_287' title='bbox 277 2182 348 2203; x_wconf 88' lang='lat'>1033</span> <span class='ocrx_word' id='word_1_288' title='bbox 365 2171 553 2212; x_wconf 72' lang='lat' dir='ltr'>Naugerius</span> <span class='ocrx_word' id='word_1_289' title='bbox 571 2173 638 2212; x_wconf 75' lang='lat'>(2):</span> <span class='ocrx_word' id='word_1_290' title='bbox 664 2182 725 2204; x_wconf 78' lang='lat' dir='ltr'>L111</span> <span class='ocrx_word' id='word_1_291' title='bbox 743 2172 830 2205; x_wconf 84' lang='lat' dir='ltr'>codd.</span> <span class='ocrx_word' id='word_1_292' title='bbox 852 2174 910 2211; x_wconf 83' lang='lat' dir='ltr'>(ita</span> <span class='ocrx_word' id='word_1_293' title='bbox 929 2173 1057 2213; x_wconf 82' lang='lat' dir='ltr'>ubique,</span> <span class='ocrx_word' id='word_1_294' title='bbox 1075 2173 1111 2212; x_wconf 73' lang='lat' dir='ltr'>‘f-</span> <span class='ocrx_word' id='word_1_295' title='bbox 1132 2173 1221 2203; x_wconf 86' lang='lat' dir='ltr'>Caec.</span> <span class='ocrx_word' id='word_1_296' title='bbox 1236 2174 1292 2213; x_wconf 84' lang='lat'>28)</span> <span class='ocrx_word' id='word_1_297' title='bbox 1407 2182 1449 2202; x_wconf 89' lang='lat'>20</span> <span class='ocrx_word' id='word_1_298' title='bbox 1467 2171 1612 2202; x_wconf 88' lang='lat' dir='ltr'>libellum</span> 
     </span>
     <span class='ocr_line' id='line_1_39' title="bbox 275 2215 1613 2255; baseline 0.001 -10"><span class='ocrx_word' id='word_1_299' title='bbox 275 2215 365 2246; x_wconf 85' lang='lat' dir='ltr'>codd.</span> <span class='ocrx_word' id='word_1_300' title='bbox 383 2227 390 2246; x_wconf 78' lang='lat' dir='ltr'>t</span> <span class='ocrx_word' id='word_1_301' title='bbox 415 2226 492 2246; x_wconf 84' lang='lat' dir='ltr'>corr.</span> <span class='ocrx_word' id='word_1_302' title='bbox 513 2216 698 2246; x_wconf 79' lang='lat' dir='ltr'>Beroaldus</span> <span class='ocrx_word' id='word_1_303' title='bbox 830 2227 871 2247; x_wconf 88' lang='lat'>22</span> <span class='ocrx_word' id='word_1_304' title='bbox 895 2222 1021 2255; x_wconf 87' lang='lat' dir='ltr'>quanto</span> <span class='ocrx_word' id='word_1_305' title='bbox 1038 2216 1127 2247; x_wconf 87' lang='lat' dir='ltr'>codd.</span> <span class='ocrx_word' id='word_1_306' title='bbox 1147 2227 1153 2246; x_wconf 91' lang='lat'>:</span> <span class='ocrx_word' id='word_1_307' title='bbox 1179 2227 1259 2248; x_wconf 84' lang='lat' dir='ltr'>corr.</span> <span class='ocrx_word' id='word_1_308' title='bbox 1281 2216 1459 2246; x_wconf 78' lang='lat' dir='ltr'>Manutius</span> <span class='ocrx_word' id='word_1_309' title='bbox 1568 2215 1613 2246; x_wconf 88' lang='lat' dir='ltr'>sit</span> 
     </span>
     <span class='ocr_line' id='line_1_40' title="bbox 277 2258 1611 2297; baseline 0 -9"><span class='ocrx_word' id='word_1_310' title='bbox 277 2259 475 2289; x_wconf 81' lang='lat' dir='ltr'>Manutius:</span> <span class='ocrx_word' id='word_1_311' title='bbox 513 2259 543 2289; x_wconf 89' lang='lat' dir='ltr'>id</span> <span class='ocrx_word' id='word_1_312' title='bbox 564 2259 651 2290; x_wconf 89' lang='lat' dir='ltr'>codd.</span> <span class='ocrx_word' id='word_1_313' title='bbox 786 2260 856 2290; x_wconf 88' lang='lat' dir='ltr'>dari</span> <span class='ocrx_word' id='word_1_314' title='bbox 876 2262 925 2297; x_wconf 76' lang='lat' dir='ltr'>nt,</span> <span class='ocrx_word' id='word_1_315' title='bbox 948 2258 1151 2290; x_wconf 79' lang='lat' dir='ltr'>Manutius:</span> <span class='ocrx_word' id='word_1_316' title='bbox 1185 2260 1308 2290; x_wconf 85' lang='lat' dir='ltr'>clarius</span> <span class='ocrx_word' id='word_1_317' title='bbox 1325 2263 1391 2291; x_wconf 82' lang='lat' dir='ltr'>cett.</span> <span class='ocrx_word' id='word_1_318' title='bbox 1571 2268 1611 2297; x_wconf 85' lang='lat'>27</span> 
     </span>
     <span class='ocr_line' id='line_1_41' title="bbox 277 2301 1611 2342; baseline 0 -10"><span class='ocrx_word' id='word_1_319' title='bbox 277 2303 319 2332; x_wconf 89' lang='lat' dir='ltr'>de</span> <span class='ocrx_word' id='word_1_320' title='bbox 336 2302 394 2333; x_wconf 81' lang='lat' dir='ltr'>del.</span> <span class='ocrx_word' id='word_1_321' title='bbox 415 2302 531 2332; x_wconf 78' lang='lat' dir='ltr'>Baiter</span> <span class='ocrx_word' id='word_1_322' title='bbox 682 2304 724 2334; x_wconf 82' lang='lat'>28</span> <span class='ocrx_word' id='word_1_323' title='bbox 747 2307 875 2342; x_wconf 88' lang='lat' dir='ltr'>quanto</span> <span class='ocrx_word' id='word_1_324' title='bbox 894 2302 984 2334; x_wconf 87' lang='lat' dir='ltr'>codd.</span> <span class='ocrx_word' id='word_1_325' title='bbox 1004 2314 1010 2332; x_wconf 89' lang='lat'>:</span> <span class='ocrx_word' id='word_1_326' title='bbox 1035 2313 1115 2334; x_wconf 76' lang='lat' dir='ltr'>corr.</span> <span class='ocrx_word' id='word_1_327' title='bbox 1137 2301 1316 2334; x_wconf 78' lang='lat' dir='ltr'>Manutius</span> <span class='ocrx_word' id='word_1_328' title='bbox 1426 2306 1459 2333; x_wconf 89' lang='lat' dir='ltr'>et</span> <span class='ocrx_word' id='word_1_329' title='bbox 1478 2301 1611 2342; x_wconf 79' lang='lat' dir='ltr'>melius]</span> 
     </span>
    </p>
   </div>
   <div class='ocr_carea' id='block_1_9' title="bbox 277 2345 576 2378">
    <p class='ocr_par' dir='ltr' id='par_1_10' title="bbox 277 2345 576 2378">
     <span class='ocr_line' id='line_1_42' title="bbox 277 2345 576 2378; baseline 0 -2"><span class='ocrx_word' id='word_1_330' title='bbox 277 2346 397 2378; x_wconf 88' lang='lat' dir='ltr'>melius</span> <span class='ocrx_word' id='word_1_331' title='bbox 417 2345 576 2376; x_wconf 79' lang='lat' dir='ltr'>Graevius</span> 
     </span>
    </p>
   </div>
  </div>
 </body>
</html>
