1747 2620
187 59 216 96 6

179 1034 214 1066 ¹9

180 1905 219 1927 20

241 65 278 95 13
602 59 658 95 M.
690 59 858 96 TVLLI
891 57 1198 97 CICERONIS

236 170 291 208 tui
332 177 457 209 morte
496 168 686 208 dicemus.
746 168 886 219 Arguis
919 168 1094 207 occisum
1134 181 1218 207 esse
1257 181 1279 206 a
1318 169 1361 208 C.
1405 167 1568 207 Rabirio

236 237 279 273 L.
312 235 580 274 Saturninum.
641 237 692 273 At
715 234 755 273 id
786 236 830 273 C.
866 233 1052 273 Rabirius
1082 234 1297 272 multorum
1319 232 1565 279 testimoniis,

236 301 283 348 Q.
317 299 535 339 Hortensio
574 299 847 350 copiosissime
878 299 1129 345 defendente,
1167 305 1283 337 antea
1314 299 1454 336 falsum
1484 311 1569 336 esse

233 364 393 409 docuit3
439 378 511 415 ego
551 372 694 411 autem,
737 364 767 402 si
809 363 904 402 mihi
943 371 1045 402 esset
1084 363 1290 414 integrum,
1331 362 1569 413 susciperem

234 430 309 468 hoc
349 429 508 478 crimen,
550 443 820 480 agnoscerem,
857 430 1073 468 confiterer.
1133 427 1295 467 Vtinam
1334 429 1435 467 hanc
1474 426 1607 474 mihi5

234 495 459 533 facultatem
500 508 617 533 causa
658 495 895 533 concederet
938 501 981 533 ut
1020 506 1178 545 possem
1218 494 1294 532 hoc
1333 492 1567 543 praedicare,

234 561 278 599 C.
317 559 452 598 Rabiri
484 573 603 598 manu
640 561 683 598 L.
717 559 983 607 Saturninum,
1018 560 1175 598 hostem
1217 558 1353 609 populi
1383 558 1568 606 Romani,

234 626 481 664 interfectum
500 625 673 664 1—Nihil
706 639 769 664 me
800 627 948 664 clamor
977 625 1050 664 iste
1081 631 1306 664 commovet
1335 625 1405 663 sed
1434 638 1572 663 conso-

234 692 344 738 latur,
376 705 467 730 cum
497 690 646 730 indicat
682 705 766 730 esse
798 692 993 742 quosdam
1030 689 1124 730 civis
1155 689 1356 741 imperitos
1387 691 1456 729 sed
1489 703 1571 729 non

236 758 391 795 multos.
453 758 695 807 Numquam,
729 756 825 795 mihi
861 756 1018 804 credite,
1057 757 1227 807 populus
1267 757 1474 794 Romanus
1508 755 1572 794 hic

237 821 304 873 qui
330 821 416 861 silet
445 823 648 860 consulem
674 835 737 861 me
765 821 931 870 fecisset,
963 821 995 860 si
1021 828 1149 860 vestro
1180 822 1351 860 clamore
1375 821 1572 872 perturba-

237 895 320 926 tum
355 887 399 925 iri
433 886 692 927 arbitraretur.
755 889 917 937 Quanto
960 888 1035 926 iam
1072 886 1193 926 levior
1226 894 1286 925 est
1315 886 1571 926 acclamatio!

238 952 347 1002 Quin
381 952 591 992 continetis
627 966 766 992 vocem
806 952 979 992 indicem
1015 952 1203 991 stultitiae
1237 959 1399 1000 vestrae,
1432 960 1571 991 testem

238 1018 443 1070 paucitatis
462 1018 725 1067 l—Libenter‚
763 1019 936 1070 inquam,
975 1020 1194 1066 confiterer,
1225 1017 1257 1056 si
1290 1031 1379 1056 vere
1413 1031 1569 1069 possem

236 1092 303 1123 aut
356 1084 473 1123 etiam
527 1084 558 1123 si
611 1084 707 1123 mihi
757 1092 859 1123 esset
905 1084 1110 1135 integrum,
1162 1085 1206 1123 C.
1263 1082 1399 1122 Rabiri
1451 1097 1570 1122 manu

238 1152 279 1188 L.
315 1149 569 1189 Saturninum
603 1164 689 1189 esse
720 1150 906 1197 occisum,
942 1157 980 1189 et
1011 1149 1051 1188 id
1083 1148 1234 1188 facinus
1263 1148 1571 1200 pulcherrimum

237 1229 321 1254 esse
352 1215 556 1254 arbitrarer
571 1230 580 1262 3
614 1217 696 1263 sed,
729 1215 916 1266 quoniam
948 1216 988 1254 id
1017 1217 1142 1254 facere
1172 1229 1252 1254 non
1280 1228 1453 1265 possum,
1483 1229 1573 1253 con-

238 1281 377 1319 fitebor
412 1281 452 1320 id
487 1282 596 1331 quod
622 1282 673 1319 ad
705 1282 863 1320 laudem
893 1280 1021 1320 minus
1048 1280 1204 1328 valebit,
1233 1282 1284 1320 ad
1313 1280 1461 1320 crimen
1491 1294 1572 1319 non

239 1346 377 1384 minus.
427 1348 629 1386 Confiteor
654 1346 914 1386 interficiendi
937 1346 1136 1385 Saturnini
1157 1360 1275 1385 causa
1297 1348 1340 1387 C.
1366 1345 1571 1385 Rabirium

237 1426 344 1450 arma
371 1411 531 1462 cepisse.
592 1412 701 1461 Quid
730 1421 800 1461 est,
831 1412 1036 1453 Labiene?
1065 1427 1185 1464 quam
1214 1428 1238 1452 a
1267 1427 1330 1453 me
1356 1412 1571 1464 graviorem

239 1476 528 1516 confessionem
559 1485 625 1516 aut
658 1479 767 1528 quod
797 1478 836 1517 in
867 1479 972 1517 hunc
1004 1478 1129 1518 maius
1163 1478 1313 1526 crimen
1342 1479 1573 1529 exspectas?

237 1541 310 1580 nisi
343 1556 434 1581 vero
465 1542 652 1582 interesse
683 1542 834 1594 aliquid
868 1551 982 1594 putas
1014 1543 1114 1584 inter
1145 1558 1237 1584 eum
1269 1543 1337 1595 qui
1369 1543 1572 1583 hominem

238 1606 394 1654 occidit,
419 1615 456 1646 et
484 1621 574 1646 eum
596 1607 662 1657 qui
691 1622 783 1647 cum
816 1610 894 1648 telo
919 1608 1129 1649 occidendi
1158 1609 1330 1649 hominis
1351 1623 1468 1648 causa
1488 1610 1570 1647 fuit.

237 1672 277 1711 Si
305 1671 470 1711 interfici
493 1673 747 1712 Saturninum
777 1676 886 1713 nefas
914 1674 995 1722 suit,
1018 1689 1125 1714 arma
1153 1683 1310 1726 sumpta
1331 1689 1416 1714 esse
1437 1682 1573 1714 contra

237 1737 491 1776 Saturninum
516 1738 600 1776 sine
631 1740 776 1778 scelere
801 1754 882 1779 non
904 1748 1094 1791 possunt3
1123 1740 1154 1779 si
1181 1755 1289 1779 arma
1309 1740 1390 1779 iure
1415 1748 1571 1791 sumpta
1594 1754 1607 1776 ε

238 1803 437 1850 concedis,
463 1803 697 1852 intersertum
721 1806 803 1843 z'm‘e
823 1808 995 1844 concedas
1016 1820 1151 1845 necesse
1170 1813 1232 1845 est.

295 1867 356 1906 Fit
377 1876 534 1907 senatus
563 1871 786 1909 consultum
813 1878 855 1909 ut
877 1872 921 1911 C.
946 1870 1096 1910 Marius
1122 1873 1165 1910 L.
1191 1873 1226 1908 V
1228 1871 1368 1911 alerius
1391 1873 1573 1911 consules

237 1932 471 1972 adhiberent
512 1933 689 1973 tribunos
731 1937 780 1986 pl.
820 1943 857 1974 ct
896 1943 1105 1987 praetores,
1143 1950 1243 1987 quos
1278 1937 1332 1976 eis
1366 1937 1571 1984 videretur,

284 2048 302 2066 ε
327 2042 360 2068 at
382 2036 572 2068 Turnebus:
591 2043 624 2069 et
647 2038 734 2070 codd.
868 2049 905 2079 13
929 2040 1111 2070 continetis
1128 2040 1217 2071 codd.
1237 2044 1266 2072 cl
1280 2041 1454 2081 Rttfim'an.
1477 2043 1491 2078 ξ
1510 2051 1574 2080 33;

239 2081 447 2120 cunipescitis
463 2081 601 2120 Qm'ntt'l.
626 2083 670 2113 xi.
691 2093 719 2121 3.
746 2084 805 2122 169
875 2082 1010 2123 vocem]
1028 2083 1125 2114 istam
1143 2084 1219 2115 add.
1241 2084 1377 2123 Quintil.
1400 2096 1406 2115 :
1429 2090 1572 2115 vestram

239 2124 312 2155 add.
335 2125 510 2163 Rnfim'cw.
611 2131 744 2157 vestrae
761 2137 824 2157 om.
846 2126 982 2165 Quintil.
1131 2139 1168 2166 14
1193 2128 1346 2159 lubenter
1367 2127 1399 2157 V
1496 2138 1574 2158 con-

240 2169 337 2198 liteor
354 2168 499 2209 ΩῙμὸιιιψ
665 2171 707 2200 26
732 2171 890 2201 concedis
907 2170 1007 2201 inter·
1026 2171 1110 2201 mci:
1135 2171 1238 2211 suppl.
1260 2182 1303 2202 ιιι.
1324 2182 1344 2202 2
1361 2171 1394 2201 in
1411 2171 1519 2212 Lagg.
1543 2180 1570 2210 7,

245 2223 288 2249 ιε,
312 2222 359 2251 13,
380 2222 420 2251 25
442 2213 609 2253 (seqttt‘lnr
623 2214 657 2243 ιἰι
676 2216 701 2243 Ω
721 2213 759 2254 Ἱὲ
778 2224 935 2244 versumn
953 2214 1081 2254 lacuna,
1102 2215 1237 2245 variant
1258 2214 1384 2253 ceteri).·
1408 2214 1442 2244 in
1460 2225 1525 2254 mg.
1546 2217 1572 2244 Ω

241 2266 284 2285 ιιι.
306 2266 323 2284 2
341 2255 416 2287 add.
439 2256 499 2286 ‘In
519 2257 696 2297 exemplari
716 2258 937 2288 vetustissimo
953 2256 1055 2297 dcfict't
1078 2268 1145 2288 nna
1164 2259 1314 2299 pagium*
1333 2258 1367 2289 in
1388 2264 1422 2297 4⁰
1439 2257 1575 2289 lacunae

241 2309 333 2328 vav-stt
352 2299 427 2329 add.
456 2304 462 2317 ⁸
480 2300 575 2330 nobis
595 2301 684 2330 dabit
699 2300 705 2310 '
725 2301 807 2338 Ωῗμο·

1596 772 1632 794 [0

1594 1429 1632 1451 20
