1716 2662
478 70 589 109 PRO
620 71 664 108 L.
698 69 915 110 FLACCO
946 70 1164 109 ORATIO
1459 78 1524 114 24

155 183 439 232 auctoritatem,
470 197 573 234 quae
601 183 744 222 amissa
772 190 841 230 est,
874 184 944 222 sed
974 184 1140 222 salutem
1171 190 1354 228 nostram,
1385 195 1485 232 quae

155 261 224 298 spe
253 248 392 299 exigua
420 256 672 299 extremaque
702 249 859 299 pendet,
885 247 1136 294 tenuerimus,
1168 247 1264 285 nihil
1295 255 1352 285 est
1382 260 1487 303 prae-

156 320 260 352 terea
294 328 373 364 quo
411 315 622 366 confugere
661 315 884 364 possimus;
927 313 1000 352 nisi
1040 315 1139 352 forte
1173 326 1274 363 quae
1312 326 1371 351 res
1410 314 1487 351 hoc

156 378 303 418 iudicio
348 387 571 430 temptetur,
613 379 710 430 quid
755 386 899 430 agatur,
942 380 1005 417 cui
1044 392 1186 417 causae
1231 379 1488 416 fundamenta

120 442 354 491 5iaciantur‚
391 443 551 491 iudices,
589 457 670 482 non
704 443 855 483 videtis.
930 444 1231 483 Condemnatus
1262 450 1320 481 est
1355 442 1385 481 is
1420 442 1485 493 qui
1506 458 1523 488 5

156 506 367 548 Catilinam
407 509 516 560 signa
555 509 702 560 patriae
747 509 978 548 inserentem
1024 508 1249 556 interemit3
1293 507 1389 558 quid
1429 515 1487 547 est

155 586 296 612 causae
317 587 385 612 cur
400 588 482 613 non
501 575 531 613 is
549 574 615 624 qui
633 573 843 614 Catilinam
865 588 909 612 ex
931 573 1027 612 urbe
1048 572 1195 624 expulit
1215 572 1488 623 pertimescat?

156 638 323 688 Rapitur
348 640 400 678 ad
426 652 596 689 poenam
618 638 685 689 qui
713 638 858 678 indicia
885 640 1107 677 communis
1137 637 1226 677 exiti
1258 639 1385 688 cepit;
1419 651 1487 676 cur

155 702 229 741 sibi
250 704 425 743 confidat
454 704 486 743 is
515 704 581 755 qui
612 718 658 743 ea
687 705 921 754 proferenda
946 712 984 743 et
1011 704 1285 754 patefacienda
1308 705 1488 742 curavit?

98 780 139 805 10
156 768 261 807 Socii
309 769 573 817 consiliorum,
616 769 779 808 ministri
830 770 1075 820 comitesque
1123 777 1335 817 vexantur3
1390 770 1486 819 quid

154 842 344 883 auctores,
367 836 463 886 quid
485 836 616 884 duces,
637 836 732 886 quid
755 834 949 886 principes
971 835 1043 874 sibi
1065 837 1320 885 exspectent?
1354 837 1487 884 Atque

155 899 305 938 utinam
336 899 483 939 inimici
514 900 634 940 nostri
664 914 710 940 ac
739 900 936 940 bonorum
964 900 1143 939 omnium
1173 914 1329 939 mecum
1356 901 1486 950 potius

154 964 373 1013 aestiment,
397 973 526 1004 utrum
549 974 633 1004 tum
653 979 792 1005 omnes
822 966 917 1005 boni
945 967 1066 1006 duces
1097 965 1219 1005 nostri
1245 980 1294 1004 an
1323 966 1486 1004 comites

155 1029 297 1069 fuerint
316 1031 367 1069 ad
389 1044 642 1071 communem
664 1033 975 1072 conservandam
997 1033 1162 1071 salutem
1185 1045 1252 1067 ***

98 1183 135 1217 15
292 1175 559 1214 FRAGMENTA
590 1188 614 1214 A
645 1187 897 1215 SCHOLIASTA
929 1177 1128 1215 BOBIENSI
1161 1187 1346 1214 SERVATA

239 1262 262 1299 i.
295 1263 560 1312 strangulatos
582 1260 716 1299 maluit
737 1260 879 1299 dicere.

225 1325 261 1364 ii.
295 1326 403 1375 Quid
425 1326 498 1364 sibi
521 1339 631 1364 meus
651 1324 893 1364 necessarius
914 1326 1055 1365 Caetra
1074 1324 1226 1365 voluit?

209 1389 260 1428 iii.
293 1390 401 1439 Quid
422 1404 513 1429 vero
535 1390 765 1430 Decianus?

213 1456 262 1493 iv.
293 1454 454 1493 Vtinam
483 1463 584 1494 esset
611 1455 765 1506 proprie
792 1459 903 1495 mea!
939 1457 1104 1495 Senatus
1131 1455 1245 1511 igitur
1271 1469 1414 1507 magna
1439 1470 1486 1496 ex

103 1535 142 1556 20
162 1526 271 1570 parte
294 1533 360 1554 *²³*

224 1598 259 1623 v.
292 1584 356 1634 Di,
380 1585 553 1636 inquam,
576 1585 815 1625 immortales
873 1585 1087 1625 Lentulum
1110 1598 1178 1620 *ἢ

484 1729 784 1767 FRAGMENTVM
819 1728 1161 1765 MED1OLANENsE

209 1828 276 1851 ***
309 1823 511 1855 externum
546 1829 635 1853 cum
669 1814 886 1853 domestica
919 1814 996 1852 vita
1028 1821 1243 1863 naturaque
1273 1820 1479 1853 constaret.

154 1880 294 1931 Itaque
331 1894 412 1919 non
451 1879 585 1931 patiar,
625 1882 673 1918 D.
716 1879 834 1925 Laeli,
872 1886 909 1917 te
949 1878 1018 1917 tibi
1060 1879 1135 1916 hoc
1174 1891 1326 1917 sumere
1363 1887 1481 1930 atque

96 1958 133 1991 25
153 1946 255 1983 hanc
282 1946 420 1984 ceteris
450 1946 489 1982 in
516 1952 732 1995 posterum,
751 1944 865 1983 nobis
896 1943 935 1981 in
963 1956 1146 1994 praesens
1174 1950 1328 1993 tempus
1356 1945 1480 1994 legem

153 2010 510 2060 condicionemque
533 2023 599 2045 *2⁸*

198 2124 216 2152 5
242 2114 483 2145 condemnatus
501 2113 629 2146 Sclzol.:
657 2115 832 2144 damnatus
850 2112 936 2144 codd.
1038 2124 1053 2152 7
1079 2112 1208 2153 expulit
1229 2112 1479 2153 Pantagathus:

155 2158 278 2197 repulit
293 2158 493 2197 rreppssW
507 2157 593 2189 codd.
613 2162 641 2188 et
653 2157 759 2189 Sclzol.
782 2169 787 2187 :
813 2157 939 2197 pepulit
957 2156 1072 2187 Baiter
1158 2157 1177 2186 8
1202 2157 1329 2196 rapitur
1347 2155 1457 2194 E²Bxc
1474 2168 1480 2186 ε

156 2201 322 2240 reperitur
336 2201 369 2231 Σ1
391 2213 396 2231 :
422 2202 585 2241 repetitur
597 2201 651 2232 b¹le
740 2201 875 2240 excepit
894 2200 960 2231 coel.
979 2200 1102 2231 Faerm'
1243 2210 1280 2238 13
1304 2199 1480 2230 aestiment

155 2249 264 2275 utrum
290 2243 449 2284 Madvig:
474 2250 543 2275 tum
562 2250 612 2275 cst
630 2250 737 2275 utrum
752 2249 800 2282 Σχ
819 2256 824 2274 :
850 2245 1055 2274 contendant
1079 2248 1147 2273 tum
1171 2251 1222 2273 cst
1239 2248 1349 2274 utrum
1368 2247 1478 2273 tamen

153 2287 182 2317 [ι’
203 2299 210 2318 ;
233 2293 342 2318 utrum
368 2294 435 2319 tum
453 2293 505 2318 est
522 2293 590 2319 turn
609 2287 661 2318 B:
688 2288 931 2318 contenderent
951 2292 1061 2318 utrum
1081 2287 1111 2318 ς’
1218 2286 1279 2326 an]
1297 2291 1353 2317 aut
1371 2290 1394 2317 Σ
1411 2295 1478 2326 mg.

93 2336 96 2339 '
154 2332 195 2361 26
219 2331 536 2372 condicionemque]
555 2332 757 2362 constituere
773 2330 880 2371 suppl.
900 2329 974 2361 Mai
