1716 2662
442 325 509 373 M.
549 325 761 372 TVLLI
818 324 1215 372 CICERONIS

282 457 354 503 IN
410 457 462 504 L.
519 458 1000 505 CALPVRNIVM
1058 457 1382 505 PISONEM

689 559 975 606 ORATIO

653 709 1006 746 FRAGMENTA

227 821 257 844 1.
292 809 366 846 Pro
396 806 435 845 di
466 807 718 846 inmortales!
749 807 815 857 qui
838 807 900 845 hie
923 807 1061 845 inluxit
1091 806 1175 846 dies
1198 807 1290 845 mihi
1324 807 1497 858 quidem,

167 882 295 924 patres
325 871 547 922 conscripti,
570 880 806 923 peroptatus,
832 880 873 910 ut
902 873 976 910 hoc
1007 880 1232 922 portentum
1264 873 1379 911 huius
1409 872 1496 919 loci,

168 947 385 977 mons-trum
425 938 540 984 urbis,
582 937 804 988 prodigium
848 937 1013 976 civitatis
1054 937 1225 976 viderem
1248 940 1254 975 ἕ
1325 938 1434 988 (Cus.
1464 951 1494 984 1,

168 1004 303 1053 Quint.
326 1003 373 1042 ix.
397 1018 431 1051 4.
458 1006 515 1052 76,
538 1003 690 1060 Charis.
715 1005 766 1041 K.
791 1003 828 1042 ii.
851 1015 937 1053 235,
961 1003 1091 1042 Diom.
1113 1005 1164 1041 K.
1185 1003 1219 1041 ii.
1241 1005 1332 1054 468,
1354 1005 1493 1043 Claud.

129 1082 146 1112 5
166 1072 320 1109 Sacerd.
344 1072 394 1108 K.
419 1069 465 1107 vi.
490 1072 597 1117 447.)

222 1151 252 1174 2.
288 1135 483 1186 Equidem
506 1134 601 1173 nihil
624 1134 768 1182 malui;
798 1148 867 1172 vos
890 1136 1050 1173 sortasse
1074 1141 1353 1184 consumptum
1376 1133 1492 1172 istum

165 1201 337 1240 cruciatu
358 1209 423 1239 aut
445 1202 669 1239 demersum
692 1199 875 1238 fluetibus
897 1199 1031 1238 audire
1055 1198 1231 1237 malletis.
1283 1200 1393 1247 (Cus.
1422 1199 1474 1249 2.)

182 1256 185 1257 ⁷
219 1281 252 1316 3.
286 1266 531 1305 Perturbatio
553 1266 669 1304 istum
692 1265 834 1303 mentis
865 1273 902 1303 et
934 1266 1129 1315 quaedam
1158 1265 1346 1302 scelerum
1370 1265 1494 1302 offusa

164 1332 288 1382 caligo
323 1340 360 1370 et
394 1334 575 1371 ardentes
612 1330 815 1369 Furiarum
844 1330 947 1369 faces
979 1330 1255 1368 excitaverunt.
1315 1328 1423 1379 (Cus.
1456 1343 1489 1377 3,

107 1412 144 1433 10
166 1397 302 1446 Quint.
326 1397 374 1435 ix.
400 1411 431 1447 3.
458 1398 540 1445 47.)

218 1475 252 1509 4.
286 1464 416 1511 Quem
451 1462 557 1500 enim
592 1461 665 1500 iste
699 1460 738 1499 in
775 1461 982 1511 scopulum
1018 1473 1099 1498 non
1131 1458 1282 1506 incidit,
1313 1460 1421 1509 quod
1451 1458 1491 1498 in

163 1530 284 1567 telum
305 1542 384 1566 non
407 1527 553 1567 inruit?
610 1527 719 1579 (Cus.
744 1528 798 1577 4.)

217 1605 249 1643 5.
284 1593 392 1642 Quid
413 1600 472 1632 est
491 1606 632 1643 negare
653 1606 769 1631 ausus
791 1600 857 1630 aut
888 1592 1018 1643 potius
1040 1591 1135 1641 quid
1157 1605 1237 1629 non
1258 1592 1492 1631 confessus?

162 1658 271 1707 (Cus.
297 1658 349 1709 5.)

217 1727 251 1762 6.
284 1723 391 1772 Quid
420 1723 525 1762 enim
548 1723 613 1762 illo
634 1722 805 1769 inertius,
829 1722 925 1773 quid
947 1721 1157 1767 sordidius.
1184 1721 1278 1772 quid
1310 1723 1482 1771 nequius

160 1789 257 1840 quid
276 1789 506 1836 enervatius,
528 1788 625 1839 quid
646 1788 811 1835 stultius,
834 1787 930 1838 quid
951 1786 1198 1829 abstrusius?
1257 1788 1364 1835 (Cus.
1389 1788 1443 1835 6.)

218 1867 250 1902 7.
280 1854 526 1900 'l'urbulenti⁷
551 1853 736 1901 seditiosi,
761 1852 922 1898 factiosi,
950 1850 1167 1902 perniciosi.
1231 1851 1339 1899 (Cus.
1368 1850 1418 1899 7.)

214 1923 247 1957 8.
281 1920 402 1968 Quod
441 1919 650 1957 minimum
696 1918 897 1968 specimen
946 1917 986 1955 in
1033 1925 1070 1955 te
1118 1915 1281 1966 ingeni?
1350 1915 1484 1965 Ingeni

159 1986 320 2022 autem?
350 1983 471 2021 immo
503 1982 662 2033 ingenui
692 1981 864 2021 hominis
894 1995 939 2020 ac
969 1981 1105 2019 liberi:
1146 1980 1212 2030 qui
1243 1982 1373 2019 colore
1403 1980 1485 2030 ipso

101 2067 140 2089 20
160 2048 322 2099 patriam
343 2048 570 2098 aspernaris,
589 2047 766 2087 oratione
781 2060 915 2097 genus,
934 2045 1108 2084 moribus
1123 2058 1279 2084 nomen.
1323 2046 1484 2095 (Ascon.

164 2128 193 2151 2.
223 2114 300 2163 13.)

214 2195 247 2228 ι).
282 2180 373 2218 Hoc
395 2193 474 2217 non
496 2180 545 2217 ad
567 2179 901 2217 contemnendam
932 2175 1171 2214 Placentiam
1194 2175 1359 2225 pertinet
1381 2177 1486 2214 unde

159 2258 198 2281 se
231 2244 260 2281 is
289 2252 415 2282 ortum
437 2243 588 2293 gloriari
612 2245 738 2291 solet3
767 2256 897 2293 neque
926 2240 1031 2280 enim
1053 2241 1129 2279 hoc
1150 2254 1238 2278 mea
1258 2248 1395 2278 natura
1415 2242 1487 2280 sert

105 1743 139 1775 ¹5

217 2359 256 2390 19
283 2348 396 2381 colore
414 2349 452 2380 M
468 2360 474 2380 :
499 2348 650 2380 colorore
667 2348 715 2380 S:
742 2348 843 2380 color.
863 2346 974 2378 colore
992 2346 1043 2377 P:
1077 2345 1176 2376 color.
1198 2345 1266 2376 Orc
1284 2344 1432 2386 Poggius
