1716 2662
391 68 500 106 PRO
533 69 574 106 P.
606 67 887 116 QVINCTIO
917 68 1133 106 ORATIO
1377 76 1425 114 27
1446 72 1486 113 85

102 177 252 216 ratione
285 176 495 229 possideat,
528 177 657 228 ipsum
691 184 822 216 autem
858 176 1065 216 dominum
1100 176 1269 226 patiatur
1300 183 1426 215 cetera

102 242 261 293 praedia
292 250 436 291 tenere,
472 245 515 289 is,
542 243 678 291 inquit,
710 250 751 280 ut
791 241 943 292 opinor,
974 241 1179 292 praedium
1212 255 1292 280 non
1324 241 1427 280 bona

100 307 280 346 videatur
311 306 471 345 alterius
506 307 719 357 possidere.
776 308 837 344 Et
856 308 973 356 ponit
1001 307 1254 356 deffinitionem
1288 319 1425 345 suam:

103 371 212 421 Quid
233 379 302 419 est,
325 373 462 421 inquit,
485 371 716 423 possidere?
774 371 969 410 Nimirum
996 371 1034 409 in
1067 371 1316 422 possessione
1343 384 1427 410 esse

64 452 81 484 5
102 451 235 476 earum
256 451 383 476 rerum
406 451 507 488 quae
537 444 703 488 possunt
732 450 780 475 eo
810 445 987 487 tempore
1017 436 1219 486 possideri.
1279 437 1431 485 Probat

100 504 296 542 Nuevfum
328 517 403 541 non
434 504 530 541 bona
564 504 631 541 sed
646 504 853 553 praedium
875 503 1083 553 possedisse
1099 517 1109 540 :
1153 503 1255 542 Cum
1285 503 1428 541 domus

101 577 194 617 erat,
215 570 351 618 inquit,
376 571 540 616 Romae,
568 568 678 616 servi,
702 568 740 607 in
771 568 856 618 ipsa
876 568 1005 607 Gallia
1025 567 1173 618 privata
1199 570 1241 606 P.
1264 568 1427 617 Quincti

102 635 272 684 praedia,
307 648 409 684 quae
442 648 659 684 numquam
695 648 813 672 ausus
853 647 893 672 es
933 634 1158 684 possidere;
1201 640 1236 672 et
1266 634 1428 683 colltglt:

104 700 226 747 Quod
258 698 289 737 si
321 700 427 737 bona
455 701 497 737 P.
528 698 692 748 Quincti
722 698 953 749 possideres,
987 698 1189 749 possidere
1219 698 1353 737 omnia
1381 712 1429 737 eo

43 781 84 804 10
102 764 183 803 iure
205 765 381 803 deberes.
439 762 534 815 (Iul.
558 765 752 803 §eversam
777 765 795 813 ξ
820 764 897 816 16.)

156 923 165 933 .
198 923 205 932 .
239 924 247 933 .
280 893 476 932 Naevium
508 907 558 932 ne
596 894 816 944 appellasse
855 892 1017 943 quidem
1057 892 1302 942 Quinctium,
1338 907 1428 932 cum
1449 897 1500 935 28

101 959 217 999 simul
247 967 349 998 esset
376 965 415 997 et
440 958 603 1009 experiri
633 966 766 1010 posset
795 958 966 1007 cotidie;
994 959 1140 997 deinde
1167 959 1275 1008 quod
1296 958 1430 996 onmia

102 1024 247 1063 iudicia
283 1024 512 1063 difficillima
551 1038 641 1063 cum
681 1037 835 1062 summa
878 1037 947 1062 sua
993 1023 1139 1062 invidia
1179 1023 1429 1074 maximoque

101 1089 277 1141 periculo
311 1092 354 1128 P.
389 1089 554 1138 Quincti
587 1088 669 1128 fieri
703 1090 835 1127 mallet
870 1102 989 1139 quam
1025 1089 1121 1128 illud
1160 1088 1428 1139 pecuniarium

43 1171 80 1203 15
100 1154 290 1193 iudicium
319 1155 430 1205 quod
459 1167 539 1193 uno
569 1153 633 1193 die
663 1154 821 1204 transigi
851 1161 1008 1204 posset3
1039 1168 1084 1192 ex
1114 1167 1194 1204 quo
1223 1167 1304 1192 uno
1331 1155 1430 1193 haec

100 1219 234 1258 onmia
265 1228 355 1259 nata
384 1228 423 1258 et
451 1221 627 1272 profecta
656 1233 741 1258 esse
775 1219 970 1258 concedit.
1031 1220 1123 1268 Quo
1152 1218 1192 1256 in
1222 1220 1310 1258 loco
1340 1233 1431 1258 con-

100 1284 300 1325 dicionem
337 1284 420 1332 tuli,
461 1285 492 1324 si
524 1286 640 1323 vellet
679 1284 888 1335 pecuniam
928 1291 1071 1335 petere,
1109 1286 1151 1322 P.
1195 1284 1427 1333 Quinctium

101 1350 318 1390 iudicatum
348 1350 446 1388 solvi
477 1351 570 1388 satis
601 1350 796 1397 daturum,
829 1350 925 1389 dum
955 1349 1048 1400 ipse,
1081 1349 1113 1388 si
1143 1349 1238 1400 quid
1269 1357 1428 1401 peteret,

101 1416 183 1466 pari
203 1415 438 1455 condicione
459 1423 642 1454 uteretur.

41 1496 83 1521 20
156 1480 325 1520 Ostendi
346 1494 465 1531 quam
492 1482 615 1518 multa
640 1488 732 1518 ante
760 1479 841 1518 fieri
869 1479 1096 1518 convenerit
1117 1493 1235 1530 quam
1257 1480 1428 1519 hominis
1451 1489 1492 1521 86

101 1546 311 1597 propinqui
354 1546 459 1585 bona
501 1546 693 1596 possideri
732 1546 1032 1596 postularentur,
1073 1545 1299 1595 praesertim
1338 1559 1428 1584 cum

103 1614 256 1650 Romae
283 1613 425 1651 domus
453 1612 546 1660 eius,
569 1625 675 1658 uxor,
697 1611 807 1651 liberi
836 1619 966 1649 essent
993 1618 1032 1650 et
1058 1618 1285 1661 procurator
1304 1625 1429 1662 aeque

101 1677 302 1728 utriusque
337 1677 589 1716 necessarius.
650 1676 791 1724 Docui,
833 1690 923 1715 cum
963 1677 1160 1715 desertum
1200 1690 1285 1716 esse
1323 1677 1428 1717 dicat

99 1743 383 1790 vadimonium,
413 1743 577 1781 omnino
606 1742 875 1782 vadimonium
904 1743 1055 1780 nullum
1084 1741 1224 1789 fuisse3
1256 1755 1336 1792 quo
1364 1743 1428 1782 die

41 1824 80 1856 25
101 1811 207 1849 hunc
233 1809 307 1849 sibi
338 1809 562 1860 promisisse
589 1809 705 1856 dicat,
734 1822 782 1848 eo
809 1808 873 1847 die
901 1822 950 1846 ne
979 1809 1132 1846 Romae
1154 1807 1315 1858 quidem
1336 1822 1426 1847 eum

100 1875 218 1914 fuisse
234 1890 243 1923 3
272 1875 312 1915 id
337 1875 501 1914 testibus
526 1888 590 1913 me
617 1874 813 1925 pollicitus
843 1887 930 1912 sum
957 1875 1119 1924 planum
1147 1875 1339 1913 facturum
1361 1874 1427 1924 qui

100 1948 138 1979 et
158 1941 255 1980 scire
280 1941 470 1980 deberent
494 1947 532 1979 et
559 1954 718 1979 causam
746 1954 814 1979 cur
841 1939 1098 1978 mentirentur
1118 1953 1198 1978 non
1225 1940 1424 1979 haberent.

102 2007 160 2044 Ex
181 2006 311 2045 edicto
331 2013 464 2044 autem
492 2018 572 2044 non
601 2005 775 2055 potuisse
804 2005 909 2043 bona
936 2004 1126 2054 possideri
1148 2005 1424 2051 demonstravi,

100 2072 208 2121 quod
238 2084 367 2120 neque
397 2070 604 2109 fraudandi
639 2083 756 2108 causa
790 2069 978 2108 latitasset
1014 2082 1142 2119 neque
1172 2069 1280 2109 exsili
1310 2083 1427 2108 causa

148 2185 184 2205 12
209 2180 242 2205 et
267 2174 401 2205 Baiter:
437 2185 510 2205 cum
538 2174 587 2205 ⁶5:
621 2184 685 2205 om.
712 2178 778 2206 cell.
962 2182 999 2212 13
1024 2172 1166 2213 invidia]
1196 2172 1315 2203 iudicia
1341 2172 1426 2204 E¹c¹z

103 2219 221 2249 iniuria
239 2222 261 2249 Σ
279 2229 345 2259 mg.
494 2227 531 2256 15
558 2223 672 2257 posset
691 2217 720 2247 bl
737 2229 743 2248 :
768 2222 881 2257 potest
897 2220 961 2248 cett.
1111 2217 1149 2246 18
1173 2216 1258 2246 solvi
1277 2216 1424 2255 (solvere

101 2261 148 2301 b¹)
167 2261 385 2294 iudicaturum
402 2265 515 2292 autem
533 2262 605 2300 ipse
624 2260 681 2292 ΣὺῙ
803 2271 845 2292 20
868 2260 1065 2291 convenerit
1084 2259 1182 2298 2b¹><²
1198 2271 1205 2290 :
1229 2260 1427 2291 conveniret

100 2310 166 2337 cett.
301 2315 340 2343 24
365 2310 433 2335 tum
450 2305 589 2336 omnino
608 2304 795 2335 Lambinus
927 2314 969 2343 29
993 2304 1143 2334 latitasse
1163 2303 1352 2335 Lambinus
