1716 2662
376 104 449 141 DE
482 99 627 141 LEGE
661 102 917 140 AGRARIA
949 101 1166 139 ORATIO
1199 101 1240 137 II
1431 110 1475 146 31
1496 106 1537 147 84

145 215 290 255 eicitur.
351 217 482 265 Atque
505 214 557 252 illi
579 213 707 253 miseri
730 212 810 251 nati
833 213 871 251 in
893 211 965 250 illis
986 211 1085 262 agris
1107 219 1144 250 et
1166 210 1333 259 educati,
1351 210 1476 262 glebis

146 280 372 330 subigendis
394 280 604 327 exercitati,
619 292 697 330 quo
719 293 759 317 se
781 278 912 317 subito
929 279 1132 318 conferant
1150 291 1230 317 non
1251 277 1476 325 habel)unt;

146 347 204 386 his
246 346 414 385 robustis
450 354 487 384 et
527 345 746 384 valentibus
782 352 819 383 et
859 344 1077 383 audacibus
1119 344 1275 382 Xx'Irum
1307 344 1477 382 satelliti-

146 413 218 451 bus
248 412 327 463 agri
359 411 553 462 Campani
584 409 780 462 possessio
810 418 892 449 tota
922 411 1105 457 tradetur,
1129 417 1176 457 et,
1201 417 1243 448 ut
1272 422 1340 448 vos
1371 423 1476 448 nunc

109 489 126 522 5
146 479 196 517 de
243 476 379 516 vestris
425 475 639 515 maioribus
685 475 944 526 praedicatis:
996 477 1124 514 ‘hunc
1179 488 1315 525 agrum
1361 474 1475 513 nobis

147 543 313 582 maiores
341 542 461 581 nostri
492 541 756 592 reliquerunt‚'
778 542 832 580 sic
853 541 968 580 vestri
996 540 1141 591 posteri
1168 542 1218 580 de
1239 540 1350 579 vobis
1371 554 1476 591 prae-

146 609 360 648 dicabunt:
392 612 400 628 ‘
417 609 522 646 hunc
549 621 684 658 agrum
711 614 839 658 patres
870 606 991 645 nostri
1017 614 1224 657 acceptum
1252 619 1275 644 a
1301 605 1477 657 patribus

147 675 225 713 suis
245 673 526 726 perdiderunt.'
584 671 783 722 Equidem
803 671 984 711 existimo
1002 687 1009 711 ι
1038 671 1070 710 si
1091 671 1168 710 iam
1188 685 1353 722 campus
1374 673 1478 710 Mar-
1497 677 1539 718 85

120 766 127 770 -
146 739 221 778 tius
243 738 438 777 dividatur
457 745 496 776 et
516 736 583 775 uni
604 736 748 788 cuique
767 744 939 775 vestrum
960 736 1026 775 ubi
1045 736 1233 775 consistat
1253 736 1336 774 bini
1355 738 1478 788 pedes

90 819 128 841 10
145 804 410 854 adsignentur,
430 810 566 842 tamen
586 802 810 854 promiscue
831 810 916 841 toto
936 815 1054 853 quam
1082 801 1238 852 proprie
1262 815 1378 852 parva
1404 800 1478 840 frui

146 877 254 921 parte
282 867 436 908 malitis.
496 869 589 917 Qua
617 881 658 906 re
686 866 806 906 etiam
835 868 868 906 si
895 868 949 906 ad
978 881 1048 905 vos
1081 873 1184 905 esset
1213 866 1385 917 singulos
1412 868 1478 906 ali-

145 935 242 986 quid
269 948 318 973 ex
345 935 424 973 hoc
450 946 545 983 agro
577 939 856 984 perventurum
890 931 960 983 qui
988 930 1100 970 vobis
1134 931 1364 978 ostenditur,
1391 931 1477 969 aliis

146 1006 403 1050 comparatur,
424 1005 556 1036 tamen
576 997 782 1036 honestius
801 1010 894 1035 eum
914 1010 985 1035 vos
1005 995 1176 1035 universi
1195 1010 1315 1046 quam
1335 995 1476 1046 singuli

145 1063 407 1116 possideretis.
467 1064 588 1101 Nunc
620 1075 714 1101 vero
744 1076 835 1100 cum
870 1063 920 1100 ad
951 1076 1020 1100 vos
1050 1061 1146 1100 nihil
1175 1061 1377 1113 pertineat,
1407 1063 1476 1100 sed

91 1142 125 1175 ¹5
146 1138 300 1182 paretur
343 1128 440 1175 aliis,
476 1127 660 1178 eripiatur
696 1127 820 1175 vobis,
862 1141 996 1165 nonne
1034 1126 1232 1174 acerrime,
1275 1134 1475 1176 tamquam

145 1202 295 1233 armato
315 1193 431 1240 hosti,
453 1192 510 1231 sic
530 1191 622 1230 huic
642 1190 717 1241 legi
738 1205 810 1242 pro
829 1193 966 1229 vestris
985 1191 1085 1241 agris
1106 1190 1321 1230 resistetis?

201 1258 393 1309 Adiungit
432 1258 635 1296 Stellatem
672 1270 860 1306 campum
898 1270 993 1306 agro
1027 1258 1234 1306 Campano
1271 1264 1310 1295 et
1348 1256 1389 1295 in
1426 1270 1475 1296 eo

146 1326 334 1365 duodena
353 1322 532 1363 discribit
559 1321 600 1360 in
626 1321 802 1373 singulos
830 1321 1011 1360 homines
1039 1321 1179 1371 iugera.
1239 1322 1363 1372 Quasi
1383 1336 1475 1361 vero

148 1392 307 1441 paulum
335 1389 487 1428 differat
513 1401 604 1438 ager
632 1389 861 1438 Campanus
890 1402 913 1426 a
939 1387 1112 1435 Stellati3
1150 1388 1220 1426 sed
1251 1387 1473 1435 multitudo,
1497 1389 1539 1422 86

89 1470 130 1491 20
150 1456 333 1506 Quirites,
375 1454 572 1505 quaeritur
609 1467 689 1504 qua
727 1452 792 1491 illa
834 1452 969 1491 onmia
1006 1452 1154 1503 oppida
1191 1454 1473 1502 compleantur.

149 1524 252 1560 Nam
268 1521 345 1560 dixi
366 1528 482 1559 antea
503 1521 588 1570 lege
609 1518 781 1570 permitti
802 1527 844 1558 ut
864 1533 968 1569 quae
988 1518 1108 1557 velint
1129 1518 1355 1568 municipia,
1377 1531 1475 1568 quas

147 1586 267 1625 velint
300 1593 449 1624 veteres
487 1584 663 1623 colonias
702 1584 854 1623 colonis
893 1584 972 1622 suis
1013 1591 1219 1633 occupent.
1281 1585 1473 1622 Calenum

147 1650 406 1701 municipium
452 1649 723 1700 complebunt,
771 1651 954 1688 Teanum
1003 1649 1238 1699 oppriment,
1290 1650 1472 1696 Atellam,

148 1718 307 1764 Cumas,
348 1714 571 1765 Neapolim,
614 1714 836 1765 Pompeios,
881 1714 1093 1753 Nuceriam
1143 1714 1223 1753 suis
1272 1713 1473 1764 praesidiis

88 1794 128 1826 25
147 1781 382 1829 devincient‚
413 1781 599 1819 Puteolos
626 1793 717 1819 vero
747 1779 814 1829 qui
845 1793 950 1818 nunc
981 1781 1018 1817 in
1049 1793 1119 1817 sua
1148 1785 1341 1829 potestate
1369 1786 1471 1825 sunt,

146 1861 218 1886 suo
256 1847 339 1885 iure
377 1846 635 1895 libertateque
673 1852 845 1892 utuntur,
881 1852 985 1883 totos
1025 1858 1130 1884 novo
1169 1846 1318 1895 populo
1354 1852 1474 1894 atque

145 1911 374 1952 adventiciis
405 1911 527 1961 copiis
557 1910 820 1960 occupabunt.
879 1912 995 1949 Tunc
1025 1910 1122 1949 illud
1148 1909 1332 1948 vexillum
1359 1910 1474 1950 Cam-
1492 1917 1544 1956 32

194 2032 206 2052 1
234 2023 266 2052 in
286 2021 366 2061 illis]
387 2021 488 2051 nullis
505 2019 600 2050 M¹N
683 2030 703 2059 3
729 2019 970 2050 robustissimis
988 2020 1020 2050 E
1106 2025 1140 2051 et
1156 2019 1340 2051 audacibus
1355 2029 1421 2050 om.
1440 2018 1477 2050 N

146 2077 165 2104 4
190 2066 337 2096 tradetur
352 2066 391 2095 k:
417 2065 565 2094 tradatur
582 2068 647 2094 sets.
783 2074 802 2102 5
827 2064 950 2094 vestris
967 2074 1031 2094 0111.
1052 2063 1084 2093 E
1185 2064 1205 2094 8
1229 2063 1385 2102 equidem
1403 2062 1473 2094 Ee:

147 2109 331 2148 etquidem
343 2112 408 2138 cell.
497 2118 506 2136 1
517 2118 528 2137 1
557 2107 678 2138 malitis
692 2107 744 2138 E:
769 2107 900 2137 maletis
914 2107 975 2145 Μμ
991 2120 996 2138 :
1022 2107 1165 2138 malletis
1179 2107 1236 2146 X'2c
1252 2120 1258 2139 :
1283 2106 1441 2137 malueris
1457 2116 1474 2136 e

150 2163 188 2192 13
212 2152 304 2192 eum]
323 2163 395 2182 cum
414 2151 460 2182 Ee
578 2162 613 2189 ¹4
640 2151 822 2192 pertineat]
840 2151 1015 2190 perveniat
1031 2151 1219 2182 Lambinus
1353 2151 1391 2180 18
1415 2151 1472 2180 de-

146 2196 262 2226 scribit
278 2195 367 2226 codd.
387 2206 394 2226 :
417 2205 496 2226 corr.
514 2194 644 2234 Kayser
755 2205 793 2233 19
819 2195 987 2234 paululum
1003 2194 1036 2224 E
1100 2205 1137 2225 ac
1157 2193 1308 2225 Stellatis
1325 2194 1394 2234 (—us
1405 2192 1469 2235 Ν).

147 2239 189 2270 Et
205 2239 319 2270 codd:
348 2249 426 2269 corr.
452 2238 642 2268 Turnebus:
670 2249 688 2268 a
714 2238 855 2269 Stellati.
904 2238 1039 2269 Scilicet
1056 2237 1275 2269 Lam-edamus
1429 2247 1469 2276 24

92 2293 95 2296 ⁴
147 2283 313 2322 Neapolin
330 2281 363 2312 E
493 2291 534 2320 25
558 2282 750 2312 devincicnt
766 2282 806 2312 le:
831 2282 1009 2312 devincent
1026 2285 1089 2311 cett.
1225 2283 1266 2312 26
1288 2285 1387 2320 atque
1400 2291 1466 2312 om.

145 2325 177 2356 E
305 2335 345 2365 27
370 2325 506 2357 exilium
527 2329 614 2364 (aux.
633 2324 680 2366 E)
699 2324 786 2356 codd.
805 2336 812 2356 ι
840 2336 916 2356 corr.
934 2324 1153 2356 Lam-alanus
