1747 2620
153 67 261 101 2160
587 63 642 100 M.
675 63 843 100 TVLLI
875 61 1182 101 CICERONIS

147 768 184 800 61

130 1266 184 1293 22

213 173 336 225 parati
364 174 570 226 ornatique
593 181 694 213 sunt.
755 172 864 222 Quid
891 172 1033 223 igitur?
1070 171 1102 212 si
1128 171 1252 223 glebis
1272 180 1339 212 aut
1360 172 1458 211 saxis
1479 180 1546 214 aut

213 239 380 278 fustibus
401 240 573 291 aliquem
595 240 645 279 de
666 240 791 278 fundo
811 239 1067 290 praecipitem
1095 237 1217 289 egeris
1246 237 1453 289 iussusque
1480 237 1542 285 sis,

212 318 332 355 quem
356 305 584 344 hominibus
612 304 770 344 armatis
798 304 997 352 deieceris,
1024 304 1237 352 restituere,
1264 303 1477 343 restituisse
1506 311 1544 342 te

212 370 352 410 dices?
400 370 531 409 Verba
561 372 592 409 si
613 372 755 417 valent,
780 370 811 409 si
839 384 981 409 causae
1008 384 1090 409 non
1117 370 1268 409 ratione
1289 371 1359 409 sed
1379 369 1543 409 vocibus

211 437 489 486 ponderantur,
514 450 578 475 me
598 443 758 475 auctore
780 435 913 475 dicito.
956 435 1103 474 Vinces
1124 437 1302 487 profecto
1321 449 1403 474 non
1425 434 1543 474 fuisse

210 510 381 541 armatos
395 516 462 541 eos
477 502 545 553 qui
563 516 653 541 saxa
670 503 841 540 iacerent
857 515 958 551 quae
975 501 1025 540 de
1039 508 1139 539 terra
1159 499 1233 551 ipsi
1255 501 1445 548 tollerent,
1461 513 1543 539 non

210 580 295 606 esse
321 582 429 606 arma
455 567 646 618 caespites
674 580 803 617 neque
830 567 964 617 glebas
979 581 990 615 3
1024 580 1104 605 non
1132 565 1251 604 fuisse
1277 572 1447 605 armatos
1474 578 1542 604 eos

208 632 277 683 qui
306 641 598 684 praetereuntes
629 647 781 671 ramum
812 631 1076 682 defringerent
1104 630 1253 669 arboris
1268 645 1278 680 3
1317 644 1425 669 arma
1457 643 1542 670 esse

208 697 288 736 suis
310 698 538 737 nominibus
558 699 633 736 alia
654 699 704 737 ad
726 699 952 749 tegendum,
974 697 1050 736 alia
1069 698 1121 736 ad
1148 697 1403 745 nocendum3
1440 709 1542 746 quae

208 762 275 813 qui
310 777 390 803 non
425 763 646 811 habuerint,
678 777 746 802 eos
778 762 949 802 inermos
980 762 1099 801 fuisse
1128 762 1273 801 vinces.
1331 764 1479 800 Verum
1509 761 1540 800 si

207 829 316 878 quod
337 828 408 868 erit
427 842 625 867 armorum
647 828 851 876 iudicium,
869 836 951 866 turn
973 827 1046 866 ista
1067 827 1212 875 dicito3
1241 826 1333 866 iuris
1350 826 1539 866 iudicium

206 907 297 932 cum
325 894 396 932 erit
422 902 461 933 et
487 893 705 944 aequitatis,
730 908 824 932 cave
852 893 891 932 in
919 893 992 932 ista
1020 900 1100 931 tam
1127 892 1275 942 frigida,
1299 900 1379 930 tam
1410 892 1541 931 ieiuna

206 958 403 997 calumnia
423 960 630 998 delitiscas.
686 961 778 998 Non
801 960 905 998 enim
924 958 1092 1009 reperies
1109 971 1350 1009 quemquam
1368 957 1539 997 iudicem

205 1032 271 1062 aut
293 1032 606 1076 recuperatorem
629 1026 708 1075 qui,
733 1032 935 1076 tamquam
958 1024 989 1063 si
1010 1039 1118 1063 arma
1140 1023 1272 1063 militis
1295 1023 1540 1075 inspicienda

205 1090 295 1137 sint,
317 1089 369 1128 ita
396 1091 535 1140 probet
559 1098 779 1139 armatum;
819 1092 888 1130 sed
917 1090 1081 1141 perinde
1108 1089 1253 1129 valebit
1281 1089 1391 1141 quasi
1418 1104 1539 1130 arma-

206 1154 343 1193 tissimi
374 1155 527 1203 fuerint‚
551 1155 582 1194 si
612 1155 853 1207 reperientur
884 1156 937 1195 ita
967 1156 1089 1207 parati
1120 1155 1239 1195 fuisse
1269 1163 1311 1195 ut
1338 1155 1415 1195 vim
1437 1156 1538 1196 vitae

205 1227 272 1258 aut
293 1220 445 1270 corpori
466 1223 664 1271 potuerint
685 1223 845 1261 adferre.

260 1287 393 1336 Atque
414 1294 456 1324 ut
480 1287 601 1337 magiS
623 1288 824 1338 intellegas
846 1301 966 1338 quam
988 1288 1106 1328 verba
1131 1287 1227 1326 nihil
1248 1289 1416 1336 valeant,
1437 1289 1467 1328 si
1495 1296 1536 1327 tu

205 1351 311 1389 solus
338 1358 405 1390 aut
432 1351 557 1402 quivis
584 1365 686 1391 unus
714 1366 804 1392 curn
831 1361 943 1392 scuto
972 1362 1009 1393 et
1037 1355 1167 1404 gladio
1194 1353 1386 1405 impetum
1413 1356 1451 1393 in
1473 1369 1536 1394 me

203 1414 357 1455 fecisset
395 1424 513 1467 atque
552 1430 625 1467 ego
664 1418 717 1456 ita
757 1417 933 1458 deiectus
971 1433 1108 1467 essem,
1148 1421 1366 1459 auderesne
1404 1420 1534 1460 dicere

202 1479 454 1521 interdictum
475 1496 560 1522 esse
581 1484 630 1522 de
651 1483 880 1523 hominibus
901 1485 1070 1533 armatis,
1093 1485 1157 1524 hic
1177 1493 1310 1525 autem
1331 1485 1533 1525 hominem

201 1554 394 1588 armatum
416 1562 539 1587 unum
559 1548 708 1589 fuisse?
766 1551 871 1598 Non,
897 1550 1047 1602 opinor,
1073 1559 1152 1590 tarn
1180 1552 1391 1603 impudens
1417 1565 1532 1591 esses.

202 1612 324 1663 Atqui
358 1614 448 1653 vide
487 1627 536 1653 ne
575 1615 700 1655 rriulto
740 1628 846 1654 nunc
885 1615 936 1655 sis
973 1617 1249 1668 impudentior.
1310 1618 1415 1656 Nam
1450 1624 1533 1657 turn

201 1677 363 1728 quidem
392 1679 521 1719 omnis
551 1680 724 1724 mortalis
748 1681 956 1733 implorare
978 1697 1124 1734 posses,
1150 1685 1259 1735 quod
1281 1683 1462 1724 homines
1491 1683 1532 1724 in

201 1750 269 1783 tuo
308 1744 466 1795 negotio
506 1746 645 1787 Latine
686 1748 1020 1796 obliviscerentur,
1062 1750 1171 1800 quod
1209 1749 1348 1788 inermi
1392 1748 1531 1788 armati

200 1807 475 1857 iudicarentur,
516 1813 639 1861 quod,
677 1826 767 1852 cum
808 1813 1060 1853 interdictum
1101 1822 1202 1853 esset
1247 1816 1297 1853 de
1342 1814 1533 1865 pluribus,

202 1874 413 1913 commissa
434 1889 493 1914 res
514 1884 615 1915 esset
635 1877 686 1917 ab
707 1892 798 1927 uno,
823 1893 924 1918 unus
946 1881 1067 1918 homo
1089 1882 1217 1929 plures
1240 1894 1323 1919 esse
1351 1879 1532 1919 homines

141 1938 183 1981 53
203 1938 448 1980 iudicaretur.
508 1944 656 1981 Verum
696 1943 736 1983 in
775 1944 834 1983 his
870 1944 996 1983 causis
1031 1959 1111 1984 non
1147 1945 1264 1984 verba
1295 1945 1457 1984 veniunt
1492 1944 1532 1983 in

242 2056 262 2084 3
289 2050 320 2076 te
338 2046 430 2078 dices
447 2049 638 2091 Naugerius
656 2050 724 2089 <rh
754 2055 786 2081 te
804 2050 889 2081 dicis
912 2049 989 2081 TE:
1014 2049 1106 2080 dices
1125 2050 1183 2081 (-is
1200 2049 1255 2089 ε’ω)
1274 2054 1307 2081 te
1324 2053 1389 2080 cell.
1511 2060 1530 2088 5

197 2089 379 2137 yincesque
399 2093 548 2131 (quidem
568 2095 648 2126 com'.
668 2094 794 2135 Baiter)
819 2094 849 2125 T
976 2094 997 2123 6
1020 2104 1106 2132 quae
1130 2093 1205 2124 TE:
1229 2093 1284 2132 qui
1301 2097 1366 2124 cett.
1493 2103 1531 2124 10

199 2143 345 2164 inermos
369 2135 461 2167 TEe:
488 2138 636 2169 inermes
653 2142 717 2170 cett.
857 2147 891 2167 11
920 2137 1007 2177 quod
1032 2136 1110 2167 TE:
1135 2137 1268 2176 quidem
1286 2141 1351 2167 cell.
1492 2147 1529 2175 13

198 2176 367 2209 delitiscas
385 2179 428 2210 Ee
445 2192 450 2211 :
475 2181 654 2213 delitescas
671 2185 733 2213 cett.
854 2190 890 2219 15
917 2179 1058 2220 proinde
1081 2180 1110 2210 T
1194 2180 1404 2211 armatissimi
1430 2180 1528 2219 TES',

197 2220 242 2251 ed.
270 2219 316 2252 V:
342 2225 561 2256 amantissimi
580 2226 681 2261 eMu:
708 2224 908 2266 paratissimi
929 2223 970 2254 M
984 2234 1099 2263 mg.‚pz
1118 2235 1184 2265 mg.
1332 2235 1370 2262 19
1394 2229 1427 2254 et
1450 2224 1528 2255 TE:

197 2275 271 2295 cum
289 2271 353 2298 cett.
456 2279 492 2298 21
521 2269 713 2301 hominibus
730 2268 867 2300 armatis
891 2267 933 2298 T:
959 2267 1096 2298 armatis
1114 2267 1303 2298 hominibus
1320 2271 1387 2299 cett.
1487 2278 1527 2298 22

198 2314 264 2340 tam
288 2310 362 2343 TE:
388 2312 450 2342 iam
469 2316 535 2344 cett.
668 2322 708 2352 25
737 2311 869 2352 Latine]
890 2311 979 2350 loqui
998 2310 1074 2342 add.
1094 2310 1282 2352 Naugem'us
1300 2311 1349 2351 (Ι)
1438 2311 1525 2344 iner-

199 2364 268 2385 mes
285 2354 334 2386 ος
468 2357 509 2387 28
535 2357 760 2388 iudicarentur
776 2355 866 2388 codd.
885 2367 891 2387 :
916 2365 994 2386 corr.
1014 2355 1062 2386 cd.
1087 2354 1118 2385 V

1563 450 1580 483 5

1564 780 1602 803 10

1563 1105 1597 1138 15

1557 1438 1596 1460 20

1552 1763 1592 1795 25
