1716 2662
420 84 530 122 PRO
562 85 608 121 A.
641 84 893 122 CAECINA
923 85 1138 123 ORATIO
1415 95 1439 122 2
1461 101 1479 133 5

112 195 279 246 simplici
318 196 427 246 quod
466 197 659 234 excellens
695 195 895 246 ingenium
935 195 1160 246 requiratur.
1232 198 1311 236 Sed
1349 210 1438 235 cum

111 261 161 300 de
193 274 240 299 eo
275 260 371 299 mihi
405 260 486 299 iure
516 261 730 300 dicendum
762 261 820 308 sit,
852 262 961 312 quod
995 261 1188 312 pertineat
1216 263 1268 301 ad
1297 262 1437 308 omnis,

111 327 300 376 quodque
333 326 591 365 constitutum
621 326 670 365 sit
697 340 721 365 a
750 326 974 375 maioribus,
1006 336 1279 366 conservatum
1314 341 1439 378 usque

110 391 161 429 ad
194 391 272 430 hoc
303 398 468 442 tempus
501 405 581 442 quo
616 392 772 431 sublato
800 405 882 431 non
911 394 1039 431 solum
1068 407 1156 444 pars
1186 393 1317 443 aliqua
1347 392 1438 431 iuris

73 469 90 501 5
111 456 324 503 deminuta,
348 457 418 495 sed
443 455 560 495 etiam
580 456 637 495 vis
658 471 705 496 ea
730 471 832 507 quae
852 456 924 496 iuri
945 457 1113 497 maxime
1133 466 1192 497 est
1219 457 1440 497 adversaria

110 520 256 561 iudicio
271 523 502 561 confirmata
521 536 607 561 esse
625 522 813 569 videatur,
832 522 949 562 video
969 523 1112 562 summi
1132 523 1263 574 ingeni
1280 537 1438 562 causam

110 601 205 635 esse,
228 601 308 627 non
335 595 378 626 ut
398 587 438 627 id
466 588 758 627 demonstretur
784 589 893 638 quod
918 596 1010 627 ante
1037 590 1172 628 oculos
1197 596 1256 627 est
1284 590 1355 628 sed
1375 603 1436 636 ne,

110 653 142 692 si
172 653 260 705 quis
293 653 405 693 vobis
435 668 540 693 error
565 653 606 693 in
637 660 746 692 tanta
774 668 814 693 re
843 653 891 693 sit
918 653 1108 702 obiectus,
1140 668 1278 693 omnes
1309 654 1439 704 potius

111 732 173 757 me
201 718 436 758 arbitrentur
461 733 602 758 causae
631 733 750 770 quam
777 733 847 758 vos
876 719 1053 771 religioni
1079 728 1228 758 vestrae
1255 719 1437 758 defuisse.

53 799 92 821 10
111 786 364 835 Quamquam
386 798 458 835 ego
486 784 582 823 mibi
609 784 665 823 sic
685 786 914 835 persuadeo,
937 792 1238 835 recuperatores,
1262 799 1343 823 non
1370 799 1439 823 vos
1459 789 1478 820 6

110 857 189 888 tam
222 854 381 900 propter
408 849 500 889 iuris
531 850 740 889 obscuram
774 850 1017 901 dubiamque
1049 850 1240 889 rationem
1271 850 1331 889 bis
1361 850 1438 888 iam

109 916 159 954 de
179 916 319 954 eadem
340 929 458 954 causa
477 914 679 954 dubitasse
709 929 839 966 quam,
863 916 971 966 quod
992 915 1145 954 videtur
1164 916 1215 954 ad
1242 929 1438 954 summam

108 980 210 1019 illius
248 980 577 1020 existimationem
615 982 692 1019 hoc
726 980 915 1020 iudicium
960 981 1163 1032 pertinere,
1200 995 1350 1020 moram
1387 982 1439 1020 ad

109 1046 460 1084 condemnandum
492 1045 692 1096 quaesisse
731 1046 847 1084 simul
886 1054 924 1085 et
963 1046 1017 1084 illi
1056 1046 1225 1097 spatium
1263 1047 1315 1085 ad
1353 1060 1438 1085 sese

53 1124 90 1156 15
109 1111 389 1161 conligendum
428 1112 595 1151 dedisse.
656 1113 778 1161 Quod
816 1112 1004 1162 quoniam
1043 1112 1121 1150 iam
1159 1112 1199 1152 in
1233 1119 1440 1151 consuetu-

108 1175 243 1215 dinem
282 1176 389 1215 venit
425 1184 464 1216 et
503 1176 543 1215 id
578 1176 647 1214 viri
682 1176 778 1216 boni
816 1176 932 1216 vestri
967 1176 1111 1216 similes
1150 1176 1190 1215 in
1224 1177 1438 1216 iudicando

109 1241 265 1288 faciunt,
299 1243 670 1293 reprehendendum
701 1244 864 1282 fortasse
894 1243 1033 1291 minus,
1068 1244 1315 1293 querendum
1347 1257 1438 1282 vero

109 1306 230 1357 magis
265 1307 383 1346 etiam
412 1307 577 1355 videtur,
609 1307 700 1346 ideo
732 1309 841 1358 quod
875 1307 1008 1347 onmia
1037 1308 1182 1347 iudicia
1210 1316 1277 1347 aut
1306 1308 1439 1347 distra-

109 1373 327 1411 hendarum
359 1373 711 1413 controversiarum
738 1382 804 1412 aut
834 1374 1125 1424 puniendorum
1155 1374 1437 1413 maleficiorum

54 1451 92 1473 20
111 1452 228 1477 causa
259 1447 410 1489 reperta
444 1447 544 1486 sunt,
580 1453 748 1490 quorum
782 1441 947 1478 alterum
977 1439 1099 1478 levius
1133 1447 1202 1486 est,
1234 1447 1439 1490 propterea

109 1505 218 1554 quod
248 1512 286 1542 et
321 1504 449 1543 minus
480 1504 599 1543 laedit
628 1513 666 1544 et
701 1518 887 1555 persaepe
921 1504 1183 1555 disceptatore
1217 1504 1437 1544 domestico

108 1569 355 1618 diiudicatur,
377 1572 542 1609 alterum
568 1579 625 1609 est
655 1570 1055 1618 vehementissimum,
1079 1571 1187 1621 quod
1217 1578 1255 1610 et
1281 1572 1331 1610 ad
1358 1584 1438 1621 gra-

108 1635 232 1675 viores
260 1650 319 1675 res
346 1636 514 1687 pertinet
545 1644 584 1676 et
618 1651 698 1676 non
733 1636 980 1676 honorariam
1015 1650 1174 1686 operam
1201 1636 1329 1685 amici,
1367 1637 1437 1675 sed

108 1700 354 1740 severitatem
382 1701 522 1741 iudicis
551 1716 597 1740 ac
626 1701 704 1740 vim
733 1702 902 1752 requirit.
963 1703 1084 1750 Quod
1114 1709 1172 1740 est
1201 1701 1363 1751 gravius,
1398 1709 1474 1746 et7

51 1776 89 1808 25
108 1765 218 1804 cuius
240 1766 291 1805 rei
313 1781 431 1805 causa
451 1766 618 1805 maxime
646 1766 791 1806 iudicia
811 1766 1024 1806 constituta
1048 1774 1149 1813 sunt,
1172 1766 1211 1805 id
1233 1766 1309 1805 iarn
1335 1768 1437 1805 mala

108 1832 396 1871 consuetudine
431 1832 666 1871 dissolutum
706 1840 774 1871 est.
846 1834 950 1870 Nam
985 1839 1027 1870 ut
1065 1845 1246 1882 quaeque
1280 1845 1339 1871 res
1378 1839 1456 1887 est·

109 1896 342 1947 turpissima,
375 1896 430 1936 sic
465 1897 634 1936 maxime
664 1905 701 1936 et
736 1896 997 1936 maturissime
1026 1897 1265 1936 vindicanda
1298 1904 1366 1941 est,
1396 1904 1436 1935 at

108 1963 258 2009 eadem,
293 1961 385 2012 quia
414 1962 710 2002 existimationis
740 1962 957 2013 periculum
988 1970 1056 2011 est,
1090 1961 1308 2001 tardissime
1338 1962 1436 2001 iudi-

151 2075 171 2096 2
195 2065 272 2096 mihi
299 2066 370 2096 iure
402 2064 473 2096 TE:
512 2066 583 2097 iure
610 2067 691 2097 mihi
718 2070 782 2098 cell.
941 2077 960 2106 3
987 2067 1143 2107 quodque
1172 2066 1218 2098 T:
1253 2066 1342 2106 quod
1366 2069 1430 2097 cell.

110 2118 127 2149 7
152 2115 187 2140 ut
204 2109 236 2140 id
258 2109 307 2140 T:
332 2109 378 2140 uti
395 2113 461 2140 cett.
552 2111 802 2141 demonstretur
826 2109 902 2140 TE:
928 2110 1219 2141 demonstraretur
1235 2113 1298 2141 cett.
1413 2120 1434 2148 9

109 2153 314 2184 arbitrentur
324 2152 393 2183 c2’k:
409 2153 654 2185 arbitrarentur
668 2155 829 2193 (-trantur
839 2154 881 2191 c¹)
895 2158 961 2185 cell.
1030 2164 1068 2183 10
1086 2154 1332 2193 reciperatores
1342 2152 1433 2183 EM²

111 2196 170 2233 (ila
183 2199 219 2234 §§
232 2197 263 2236 8,
277 2206 318 2235 42
328 2196 417 2237 EM)
486 2208 522 2227 12
540 2198 712 2228 videretur
723 2197 884 2237 Pluygers
944 2208 980 2236 14
998 2197 1171 2237 quaesisse
1185 2197 1228 2228 T:
1247 2196 1432 2236 acquisisse

111 2240 324 2282 (aq-E)celt.
422 2242 459 2271 18
481 2242 586 2283 quod]
602 2242 690 2281 quod
708 2252 781 2272 curn
799 2240 990 2272 Lambinus
1093 2252 1134 2272 ρο
1159 2241 1226 2272 sint
1244 2239 1432 2271 Lambinus

109 2292 148 2322 27
174 2285 375 2316 vindicanda
392 2284 505 2316 PTE:
530 2285 707 2316 indicanda
726 2285 788 2323 (iu-
805 2286 873 2324 ως)
896 2287 961 2315 cett.
1072 2290 1105 2316 at
1132 2284 1224 2315 TEe:
1251 2285 1291 2315 ad
1317 2284 1370 2315 P:
1393 2295 1431 2314 ac

108 2331 171 2358 cett.
286 2330 328 2359 28
352 2329 470 2360 eadem
488 2328 564 2368 quia
582 2328 651 2370 (qui
674 2328 721 2369 T)
740 2327 822 2360 PT:
846 2328 965 2360 eadem
984 2338 1070 2368 quae
1089 2328 1146 2370 (ea
1163 2328 1204 2359 de
1222 2339 1288 2368 qua
1303 2328 1343 2368 ς’)
1363 2331 1428 2359 cell.
