1716 2662
97 470 114 503 5

78 798 114 820 10

73 1448 112 1469 20

73 1771 112 1804 25

466 86 524 122 IN
558 86 600 122 L.
634 85 882 123 PISONEM
916 86 1132 123 onix‘i‘to
1438 97 1504 135 49

136 192 265 240 luisse,
289 193 409 232 verbo
438 206 655 243 numquam
686 193 912 243 significaris
943 194 1178 232 sententiam
1210 203 1316 232 tuam
1350 196 1464 234 tantis

137 258 176 296 in
198 258 406 308 naufragiis
427 258 602 297 civitatis.

190 325 383 362 Nondum
415 337 516 374 quae
550 323 696 370 feceriS,
730 324 799 362 sed
833 336 934 373 quae
966 324 1047 362 fieri
1072 338 1222 374 >passus
1262 325 1324 372 sis,
1361 326 1462 364 dico.

137 391 279 439 Neque
300 402 392 428 vero
422 390 588 427 multum
619 389 788 437 interest,
813 389 1038 440 praesertim
1068 389 1108 427 in
1138 392 1311 437 consule,
1334 398 1464 429 utrum

136 453 220 504 ipse
247 453 475 504 perniciosis
497 453 659 504 legibus,
678 454 869 504 improbis
891 454 1143 493 contionibus
1161 468 1241 493 rem
1262 455 1463 506 publicam

134 527 260 567 vexet,
274 532 324 557 an
341 519 438 558 alios
460 532 597 558 vexare
614 519 791 570 patiatur.
834 521 899 557 An
919 527 1047 570 potest
1065 521 1142 558 ulla
1159 533 1244 559 esse
1265 521 1464 559 excusatio

135 598 216 623 non
237 585 366 624 dicam
389 586 489 623 male
514 584 709 632 sentienti,
734 586 803 623 sed
829 585 993 633 sedenti,
1016 585 1229 633 cunctanti,
1253 586 1464 625 dormienti

134 650 174 688 in
209 650 380 689 maximo
418 649 472 688 rei
511 650 692 700 publicae
736 658 846 688 motu
886 650 1069 689 consuli?
1116 662 1140 689 C
1177 664 1300 702 prope
1338 664 1463 689 annos

133 717 260 766 legem
308 715 462 753 Aeliam
513 723 550 754 et
601 716 752 753 Fufiam
803 723 1065 763 tenueramus,
1121 727 1223 755 CCCC
1272 716 1462 755 iudicium

135 781 419 831 notionemque
448 780 677 819 censoriam.
738 782 848 830 Quas
878 782 981 831 leges
1005 794 1122 820 ausus
1150 788 1208 820 est
1236 794 1317 819 non
1345 795 1463 820 nemo

134 846 347 896 improbus,
371 845 498 896 potuit
519 845 679 896 quidem
702 859 820 884 nemo
841 847 1071 893 convellere,
1091 860 1208 897 quam
1226 854 1461 898 potestatem

134 911 320 959 minuere,
344 924 423 961 quo
442 911 569 949 minus
591 912 641 949 de
663 911 837 950 moribus
854 912 995 950 nostris
1017 911 1155 961 quinto
1177 925 1336 962 quoque
1356 925 1462 950 anno

133 976 378 1023 iudicaretur,
412 990 530 1015 nemo
564 984 643 1014 tam
677 977 797 1014 effuse
836 978 1016 1026 petulans
1055 984 1220 1014 conatus
1259 985 1326 1024 est,
1365 979 1462 1016 haec

132 1050 234 1089 sunt,
255 1056 279 1080 o
300 1042 492 1081 carnifex!
524 1042 562 1080 in
589 1042 793 1092 prooemio
821 1044 973 1092 sepulta
1000 1044 1226 1081 consulatus
1248 1043 1313 1082 tui.
1376 1046 1462 1081 Per-

133 1120 295 1157 sequere
322 1107 560 1146 continentis
587 1107 646 1145 his
676 1107 876 1145 funeribus
903 1107 997 1145 dies.
1059 1109 1134 1146 Pro
1163 1107 1323 1146 Aurelio
1345 1108 1462 1147 tribu-

131 1172 209 1210 nali
230 1186 280 1210 ne
307 1172 514 1210 conivente
542 1172 702 1222 quidem
731 1180 778 1218 te,
809 1173 918 1222 quod
946 1172 1074 1222 ipsum
1101 1180 1203 1211 esset
1230 1175 1367 1221 scelus,
1391 1175 1460 1212 sed

132 1237 249 1276 etiam
271 1236 516 1274 hilarioribus
539 1238 661 1274 oculis
683 1251 801 1287 quam
824 1238 959 1275 solitus
981 1251 1064 1276 eras
1086 1238 1275 1286 intuente,
1294 1239 1460 1278 dilectus

132 1316 329 1340 servorum
352 1303 571 1340 habebatur
591 1303 640 1341 ab
662 1316 709 1341 eo
730 1304 797 1353 qui
819 1303 915 1340 nihil
936 1303 1009 1341 sibi
1031 1316 1219 1353 umquam
1240 1317 1313 1342 nec
1334 1305 1460 1343 facere

131 1380 204 1406 nec
243 1367 322 1417 pati
362 1375 472 1416 turpe
503 1380 586 1405 csse
621 1368 741 1406 duxit.
800 1369 922 1406 Arma
955 1367 995 1405 in
1030 1370 1178 1418 templo
1214 1368 1400 1416 Castoris,
1436 1383 1461 1407 o

132 1433 307 1482 proditor
336 1434 571 1482 templorum
607 1433 812 1471 omnium!
856 1432 1014 1471 vidente
1050 1440 1086 1470 te
1121 1432 1460 1472 constituebantur

131 1498 180 1536 ab
202 1512 249 1536 eo
271 1499 419 1536 latrone
440 1497 502 1535 cui
531 1499 722 1547 templum
749 1497 843 1535 illud
870 1497 940 1535 suit
969 1505 1005 1535 te
1034 1499 1196 1535 consule
1223 1511 1288 1536 arx
1315 1498 1458 1537 civium

131 1563 382 1613 perditorum,
407 1564 697 1612 receptaculum
719 1570 892 1601 veterum
915 1562 1107 1601 Catilinae
1129 1562 1307 1609 militum,
1326 1566 1460 1601 castel-

130 1630 211 1666 lum
233 1628 396 1666 forensis
416 1628 604 1675 latrocini,
625 1629 784 1666 bustum
806 1629 935 1677 legum
957 1629 1134 1665 omnium
1151 1641 1196 1665 ac
1214 1627 1456 1678 religionum.

132 1695 225 1732 Erat
257 1707 336 1732 non
371 1695 498 1731 solum
529 1695 671 1732 domus
703 1707 790 1731 mea
819 1694 889 1731 sed
920 1700 1045 1730 totum
1078 1692 1270 1730 Palatium
1307 1701 1455 1741 senatu,

131 1758 328 1808 equitibus
364 1758 564 1805 Romanis,
598 1758 753 1796 civitate
785 1759 904 1804 omni,
944 1757 1057 1795 Italia
1089 1765 1232 1795 cuncta
1261 1760 1456 1806 refertum,

131 1836 221 1861 curn
260 1831 300 1861 tu
333 1836 412 1861 non
444 1825 564 1862 modo
598 1825 648 1862 ad
678 1823 940 1861 eum—mitto
969 1823 1074 1860 enim
1100 1823 1327 1869 domestica,
1357 1836 1458 1873 quae

131 1888 260 1938 negari
288 1896 452 1938 possunt
469 1903 477 1935 3
506 1890 602 1926 haec
637 1901 905 1926 commemoro
937 1901 1038 1937 quae
1069 1894 1159 1926 sunt
1190 1889 1457 1938 palam—non

131 1954 262 1999 modo,
292 1952 465 2002 inquam,
497 1954 547 1990 ad
578 1966 668 1990 eum
700 1952 761 1990 cui
793 1954 958 2001 primam
989 1952 1157 1990 comitiis
1187 1952 1263 1990 tuis
1292 1954 1457 1991 dederas

174 2067 193 2095 3
217 2056 262 2086 sis
278 2066 343 2086 om.
363 2054 423 2093 Μμ
570 2066 588 2094 4
614 2066 693 2085 vero
710 2066 775 2086 om.
797 2054 856 2093 Μμ
1008 2065 1046 2085 10
1071 2056 1242 2087 notionem
1260 2055 1456 2086 Manutius:

132 2101 294 2130 rationem
312 2098 400 2129 codd.
523 2103 575 2129 est
593 2098 630 2138 E,
652 2097 694 2128 M
708 2109 785 2138 mg..
805 2099 883 2136 φςῑ
909 2109 983 2128 esse
1001 2102 1064 2129 fell.
1225 2109 1261 2137 14
1288 2099 1458 2137 prooemio

132 2142 287 2182 AWadzujg:
313 2143 441 2179 gremio
459 2141 546 2172 codd.
666 2151 702 2179 15
728 2143 944 2172 continentes
960 2141 1127 2172 Asconius
1142 2154 1148 2172 ι
1175 2152 1349 2172 connexos
1366 2141 1454 2173 codd.

137 2186 173 2214 18
199 2186 409 2215 habebantur
425 2185 509 2225 Lag.
526 2195 565 2223 9:
592 2184 655 2216 cod.
677 2184 706 2214 S
721 2185 861 2215 Asconii
946 2184 1003 2225 eo]
1022 2195 1062 2215 eo
1080 2185 1186 2215 clodio
1203 2185 1287 2224 Εεχι
1420 2195 1458 2223 19

132 2239 208 2258 esse
233 2239 299 2259 om.
327 2228 494 2258 Asconius
637 2228 720 2258 dixit
739 2227 795 2266 Ee,
814 2228 953 2258 Asconii
974 2227 1061 2258 codd.
1082 2227 1153 2257 SM
1297 2230 1339 2258 26
1363 2228 1456 2268 eum]

133 2273 336 2302 Ciceronem
355 2271 430 2302 add.
450 2271 550 2309 codd„
571 2271 628 2301 del.
653 2270 800 2301 qundcr
908 2281 946 2310 27
974 2270 1098 2311 palam]
1118 2271 1225 2310 palam
1245 2271 1329 2302 facta
1348 2271 1457 2301 Halm

88 2360 92 2364 ῃ
133 2316 175 2345 28
199 2314 359 2356 dederas]
377 2315 551 2345 desideras
568 2314 600 2344 E

175 2380 238 2400 cm.
259 2380 294 2399 ix
313 2380 462 2401 szoxmt
1381 2373 1418 2402 17

1485 308 1508 344 5

1490 367 1526 387 10

1485 1059 1518 1080 11
