1747 2620
144 69 196 107 35
221 76 276 98 102
590 61 646 98 M.
678 61 847 98 TVLLr
881 60 1187 99 (treERONrs

134 645 193 675 103

137 896 194 944 36

133 1303 193 1335 104

215 174 299 223 lege
333 173 535 223 potuisset,
573 172 694 223 magis
729 173 835 211 illam
874 172 1066 212 rationem
1100 180 1233 210 tamen
1273 186 1410 211 omnes
1449 172 1543 212 boni

215 251 501 288 quaereremus,
538 251 657 288 quem
691 239 742 276 ad
778 239 940 277 modum
977 237 1307 288 spectatissimum
1347 238 1545 289 pudentis-

214 302 438 353 simumque
491 303 705 350 hominem,
755 317 912 341 summo
964 303 1139 350 consilio,
1191 316 1344 342 summa
1391 304 1542 349 virtute,

214 381 369 406 summa
399 368 630 407 auctoritate
665 369 883 408 domestica
925 369 1157 420 praeditum,
1194 371 1364 407 levatum
1406 369 1545 409 iniuria

214 434 339 472 civem
379 434 544 472 retinere
582 447 799 485 possemus,
840 448 959 484 quam
999 435 1053 473 uti
1094 448 1212 482 nunc,
1247 448 1337 472 curn
1375 436 1425 473 de
1463 435 1544 473 iure

214 499 379 538 civitatis
407 499 503 537 nihil
526 500 695 550 potuerit
717 501 942 551 deperdere,
966 501 1176 551 quisquam
1199 499 1356 539 exsistat
1381 500 1454 538 nisi
1476 500 1542 547 tui,

215 566 340 610 Sexte,
367 565 502 603 similis
533 573 570 605 et
601 566 762 604 stultitia
787 574 823 604 et
855 566 1099 616 impudentia
1129 565 1195 616 qui
1226 565 1317 604 huic
1347 565 1543 605 civitatem

214 632 439 680 ademptam
471 644 556 669 esse
586 631 701 669 dicat.
763 631 840 680 Qui
872 632 1072 682 quoniam,
1096 639 1402 682 recuperatores,
1430 645 1543 670 suum

214 697 274 735 ius
313 710 393 734 non
433 697 605 736 deseruit
645 711 774 748 neque
817 698 1029 748 quicquam
1068 698 1169 736 illius
1209 698 1398 737 audaciae
1437 706 1545 748 petu-

214 761 438 812 lantiaeque
472 762 677 811 concessit,
713 764 762 802 de
801 763 953 813 reliquo
986 764 1063 801 iam
1096 777 1348 802 communem
1384 777 1543 803 causam

216 827 432 878 populique
460 829 636 866 Romani
658 828 716 867 ius
748 828 787 866 in
818 836 944 867 vestra
972 830 1051 867 fide
1079 842 1125 867 ac
1154 829 1338 879 religione
1368 829 1542 880 deponit.

218 895 258 931 Is
296 894 420 932 homo
457 900 526 941 est,
564 893 617 931 ita
651 907 692 932 se
730 894 939 943 probatum
974 893 1085 932 vobis
1119 895 1314 945 vestrique
1353 894 1545 933 similibus

216 972 371 1009 semper
399 958 523 997 voluit
552 966 594 998 ut
624 959 663 998 id
693 973 775 998 non
804 959 934 998 minus
966 960 1005 998 in
1035 961 1109 998 hac
1138 973 1254 998 causa
1284 960 1466 999 laborarit
1496 974 1545 999 ne

215 1024 350 1074 inique
388 1025 629 1063 contendere
665 1024 816 1075 aliquid
854 1039 973 1076 quarn
1012 1039 1062 1063 ne
1101 1025 1290 1064 dissolute
1328 1025 1545 1076 relinquere

215 1090 421 1138 videretur,
455 1104 530 1129 nec
564 1090 694 1129 minus
728 1098 923 1130 vereretur
956 1105 1007 1130 ne
1041 1100 1296 1130 contemnere
1328 1091 1544 1130 Aebutium
1590 1110 1604 1141 ε,

215 1171 332 1208 quam
358 1171 406 1195 ne
427 1157 477 1195 ab
498 1170 547 1195 eo
567 1164 820 1208 contemptus
842 1171 928 1196 esse
944 1157 1235 1196 existimaretur.

270 1223 531 1273 Quapropter,
572 1222 603 1261 si
642 1222 739 1273 quid
777 1230 882 1261 extra
921 1222 1110 1261 iudicium
1149 1231 1206 1262 est
1245 1224 1354 1274 quod
1394 1224 1544 1262 homini

215 1288 470 1327 tribuendum
502 1288 559 1335 sit,
585 1288 738 1327 habetis
770 1288 973 1327 hominem
1001 1288 1182 1340 singulari
1215 1291 1376 1340 pudore,
1404 1290 1545 1328 virtute

213 1353 371 1404 cognita
391 1361 429 1392 et
449 1362 624 1404 spectata
652 1355 740 1401 side,
763 1354 1008 1405 amplissimo
1032 1356 1151 1393 totius
1174 1355 1350 1394 Etruriae
1370 1356 1541 1404 nomine,

212 1420 255 1458 in
291 1427 456 1470 utraque
494 1421 650 1458 fortuna
687 1419 889 1470 cognitum
930 1420 1061 1459 multis
1093 1420 1211 1471 signis
1245 1429 1283 1461 et
1317 1422 1467 1461 virtutis
1507 1429 1544 1461 et

212 1486 475 1525 humanitatis.
537 1486 577 1525 Si
612 1486 710 1537 quid
734 1487 773 1525 in
803 1487 996 1525 contraria
1028 1496 1136 1538 parte
1166 1488 1205 1526 in
1235 1489 1396 1528 homine
1426 1490 1546 1528 offen-

212 1554 388 1591 dendum
428 1559 498 1599 est,
540 1551 693 1590 habetis
733 1566 835 1600 eum,
877 1560 919 1591 ut
953 1553 1049 1591 nihil
1089 1554 1217 1592 dicam
1257 1554 1435 1605 amplius,
1478 1554 1545 1604 qui

213 1632 254 1656 se
285 1617 466 1656 homines
501 1617 676 1667 coegisse
710 1619 885 1656 fateatur.
948 1621 1015 1657 Sin
1046 1619 1273 1658 hominibus
1302 1620 1461 1659 remotis
1496 1621 1546 1659 de

211 1696 328 1720 causa
359 1682 555 1732 quaeritis,
594 1696 684 1720 cum
721 1682 909 1721 iudicium
951 1685 1002 1722 de
1040 1684 1075 1722 vi
1115 1684 1173 1732 sit,
1216 1685 1247 1723 is
1278 1685 1344 1736 qui
1376 1685 1547 1735 arguitur

254 1796 273 1815 2
298 1796 538 1825 quaereremus
555 1788 605 1818 5:
641 1798 842 1827 quaeremus
869 1791 933 1819 cett.
1040 1790 1406 1831 prudentissimumque
1433 1791 1547 1822 codsa:

209 1840 286 1861 corr.
308 1829 497 1860 Lambinus
594 1842 613 1869 3
639 1831 796 1872 consilio]
813 1832 925 1862 studio
948 1832 979 1862 T
1071 1843 1090 1872 5
1116 1845 1190 1864 cum
1208 1845 1271 1867 om.
1299 1835 1339 1865 Te
1444 1846 1460 1874 7
1486 1836 1545 1865 im-

211 1873 389 1912 prudentia
412 1873 441 1904 T
565 1875 753 1914 ademptam
771 1876 940 1907 civitatem
966 1876 996 1907 T
1136 1888 1173 1909 10
1197 1878 1327 1918 reliquo
1351 1879 1401 1917 Te,
1421 1879 1546 1910 Faber:

211 1917 364 1956 relinquo
380 1920 445 1949 cett.
588 1928 622 1948 11
652 1919 797 1950 Romani
814 1919 920 1960 suppl.
940 1919 986 1951 ed.
1012 1920 1043 1949 V
1143 1922 1245 1953 fidem
1265 1933 1303 1953 ac
1317 1923 1512 1962 religionem
1527 1923 1547 1952 k

211 1960 387 1999 deponitis
407 1960 538 1991 ΤεΜέιιι
556 1974 562 1992 :
583 1963 716 2002 depono
731 1964 759 1994 is
777 1967 843 1994 cett.
917 1973 954 1994 12
972 1969 1023 1994 est
1040 1964 1086 1995 T:
1103 1976 1168 1995 om.
1183 1969 1248 1997 cctt.
1324 1977 1361 2006 13
1379 1978 1421 1997 ne
1433 1967 1547 2006 inique

211 2002 399 2034 Mommsen
416 2016 422 2034 :
449 2016 558 2044 neque
577 2008 655 2043 (nec
674 2007 716 2039 ς’)
736 2007 825 2039 codd.
950 2018 986 2047 14
1012 2010 1220 2040 contendere
1242 2009 1302 2041 Te:
1333 2010 1546 2041 contenderit

210 2051 275 2078 cett.
385 2048 507 2088 aliquid
533 2050 653 2080 TM¹ez
679 2051 769 2081 aliud
789 2054 853 2082 cett.
962 2062 1004 2082 ne
1027 2053 1111 2084 Tek:
1136 2064 1178 2083 ne
1196 2078 1203 2085 .
1225 2079 1231 2085 .
1252 2078 1259 2085 .
1279 2078 1285 2084 .
1303 2058 1364 2085 celt.
1385 2054 1486 2094 :sort.
1504 2064 1546 2084 ne

212 2100 282 2121 rem
381 2092 532 2123 dissoluti
553 2093 639 2125 codd.
660 2105 667 2124 :
692 2105 771 2126 corr.
791 2094 837 2125 ed.
855 2094 889 2124 R
1047 2098 1085 2127 16
1109 2107 1151 2127 ne
1170 2097 1210 2128 ab
1228 2108 1267 2128 eo
1284 2096 1477 2129 Hotoman:
1503 2108 1546 2128 ne

212 2135 253 2164 de
270 2145 310 2165 eo
327 2145 363 2166 e:
389 2136 495 2167 debeo
520 2136 564 2168 T:
591 2138 633 2168 de
651 2148 691 2168 eo
709 2142 771 2169 cett.
940 2149 977 2178 17
1004 2139 1131 2170 homini
1150 2151 1189 2171 o:
1215 2141 1340 2171 homini
1358 2141 1421 2172 hoc
1444 2140 1490 2172 T:
1514 2141 1546 2171 vi

211 2178 337 2208 homini
354 2179 407 2209 ew¹
425 2191 431 2210 :
452 2181 565 2210 virtuti
585 2180 711 2211 homini
731 2181 789 2218 (-is
805 2182 848 2213 ζῆ
867 2186 932 2214 cett.
948 2194 954 2212 :
970 2183 1046 2222 sort
1071 2183 1147 2214 huic
1167 2184 1218 2223 (cs
1241 2188 1254 2222 ξ
1273 2185 1331 2221 88)
1507 2195 1547 2224 19

212 2222 411 2260 amplissimi
438 2224 541 2254 totius
565 2234 601 2254 se
627 2225 690 2255 turi
717 2236 753 2255 re
779 2226 915 2256 nomine
938 2225 982 2256 T:
1007 2227 1203 2266 amplissimi
1225 2238 1262 2258 se
1285 2229 1386 2259 tutire
1410 2229 1546 2259 nomine

214 2265 323 2296 tocius
338 2276 376 2296 e:
401 2267 617 2306 amplissimis
642 2268 795 2299 Etruriae
819 2269 964 2307 (eturire
981 2269 1047 2308 Ml)
1075 2271 1212 2302 nomine
1235 2272 1338 2303 totius
1355 2275 1438 2305 cett.:
1463 2283 1542 2304 corr.

217 2307 379 2340 Garatoni
509 2321 550 2340 22
575 2316 624 2342 est
642 2311 772 2343 Halm:
796 2312 824 2343 si
848 2312 893 2344 T:
919 2313 962 2344 sit
978 2317 1043 2345 cett.

1566 447 1582 477 5

1567 778 1604 801 10

1566 1437 1606 1459 20
