1747 2620
200 71 226 109 4
249 78 283 101 11
589 65 646 103 M.
678 65 846 103 TVLLI
870 65 1185 107 ,CICERONIS

190 188 225 210 12
247 176 349 226 legat
368 183 411 214 ut
431 178 620 216 frueretur
641 190 719 215 una
739 191 829 216 curn
851 176 942 216 filio.
1002 179 1175 227 Magnus
1201 178 1329 216 honos
1350 177 1419 216 viri
1440 178 1573 217 iucun-

246 242 321 279 dus
356 240 506 280 mulieri
538 241 687 290 fuisset,
715 241 745 280 si
775 241 1005 280 diuturnum
1036 256 1120 280 esse
1149 241 1348 291 licuisset3
1387 243 1575 282 frueretur

247 305 352 344 enim
378 306 492 345 bonis
514 320 604 345 curn
625 321 673 345 eo
694 320 813 357 quem
835 307 913 345 suis
934 306 1050 345 bonis
1081 308 1267 346 heredem
1286 321 1370 346 esse
1390 307 1575 359 cupiebat

248 378 285 409 et
315 386 361 410 ex
395 385 475 422 quo
506 372 721 410 maximum
756 374 925 411 fructum
965 372 1048 422 ipsa
1087 372 1278 423 capiebat.
1351 375 1430 413 Sed
1468 375 1574 413 hunc

246 437 417 474 fructum
466 444 616 475 mature
664 438 820 475 fortuna
865 436 1024 475 ademit.
1096 438 1199 475 Nam
1244 437 1350 476 brevi
1398 446 1575 489 tempore
1595 452 1612 484 5

248 502 304 539 M.
329 500 529 540 Fulcinius
550 503 783 540 adulescens
810 509 987 540 mortuus
1008 509 1095 550 est3
1124 503 1310 542 heredem
1342 505 1382 541 P.
1407 505 1575 543 Caesen-

247 565 357 604 nium
378 566 497 614 fecit,
526 566 637 606 uxori
666 568 815 617 grande
835 568 993 618 pondus
1022 567 1173 618 argenti
1202 568 1395 619 matrique
1423 576 1574 620 partem

247 631 435 670 maiorem
474 632 672 671 bonorum
720 632 872 682 legavit.
945 634 1086 683 Itaque
1125 632 1165 671 in
1203 640 1354 684 partem
1393 633 1575 673 mulieres

245 705 408 736 vocatae
429 706 530 736 sunt.

300 763 402 802 Cum
433 770 534 801 esset
569 763 665 801 haec
699 763 830 802 auctio
861 762 1095 802 hereditaria
1126 763 1349 813 constituta,
1380 764 1574 803 Aebutius
1600 779 1634 802 10

245 826 328 874 iste,
352 827 418 878 qui
449 827 526 866 iam
548 827 615 867 diu
638 827 882 868 Caesenniae
902 828 1092 868 viduitate
1111 843 1157 868 ac
1177 829 1390 869 solitudine
1410 831 1576 869 aleretur

244 906 291 931 ac
311 906 352 931 se
373 892 412 930 in
434 893 516 931 eius
544 892 846 931 familiaritatem
876 893 1124 941 insinuasset,
1148 895 1222 933 hac
1251 894 1401 933 ratione
1421 902 1463 933 ut
1484 908 1575 933 cum

243 958 376 1009 aliquo
406 972 478 997 suo
508 958 749 1009 compendio
780 958 937 1009 negotia
966 958 1149 1007 mulieris,
1180 959 1211 998 si
1241 973 1319 1010 qua
1338 959 1573 1007 acciderent,

244 1023 608 1074 controversiasque
638 1023 865 1074 susciperet,
886 1025 1114 1063 versabatur
1138 1039 1185 1064 eo
1207 1039 1368 1076 quoque
1397 1033 1575 1077 tempore

245 1089 284 1127 in
306 1090 365 1128 his
387 1090 603 1129 rationibus
633 1089 829 1129 auctionis
851 1098 888 1129 et
910 1089 1129 1140 partitionis
1148 1098 1268 1141 atque
1289 1091 1409 1130 etiam
1429 1104 1470 1130 se
1491 1090 1574 1142 ipse
1599 1103 1635 1137 15

243 1153 434 1193 inferebat
464 1162 501 1192 et
533 1154 635 1193 intro
662 1155 782 1193 dabat
809 1162 847 1193 et
875 1154 914 1193 in
944 1169 1029 1194 eam
1061 1155 1289 1205 opinionem
1313 1155 1574 1196 Caesenniam

242 1220 468 1259 adducebat
489 1228 530 1258 ut
552 1219 690 1258 mulier
712 1220 891 1271 imperita
911 1220 1007 1258 nihil
1028 1229 1182 1271 putaret
1203 1223 1262 1271 agi
1285 1221 1426 1260 callide
1445 1236 1572 1272 posse,

185 1297 223 1329 14
243 1284 311 1322 ubi
342 1298 421 1323 non
451 1286 607 1323 adesset
628 1284 835 1323 Aebutius.
897 1287 1029 1334 Quam
1059 1300 1269 1337 personam
1299 1286 1377 1324 iam
1408 1301 1454 1325 ex
1483 1286 1577 1325 coti-

243 1348 361 1387 diana
380 1349 459 1388 vita
488 1349 697 1400 cognostis,
723 1358 1026 1400 recuperatores,
1062 1351 1270 1390 mulierum
1300 1351 1572 1397 adsentatoris,

243 1413 455 1464 cognitoris
476 1414 694 1461 viduarum,
719 1414 936 1453 defensoris
968 1415 1133 1454 nimium
1156 1415 1323 1466 litigiosi,
1347 1416 1504 1455 contriti
1523 1418 1575 1456 ad
1597 1432 1637 1455 20

245 1479 422 1530 Regiam,
455 1480 577 1531 inepti
606 1495 652 1519 ac
682 1480 789 1519 stulti
828 1481 928 1519 inter
958 1480 1070 1528 viros,
1108 1481 1209 1521 inter
1243 1481 1424 1521 mulieres
1463 1481 1575 1533 periti

243 1544 335 1583 iuris
357 1552 394 1583 et
415 1545 556 1593 callidi,
580 1547 682 1585 hanc
703 1560 910 1596 personam
939 1546 1131 1597 imponite
1152 1547 1337 1586 Aebutio.
1400 1549 1439 1587 Is
1469 1548 1575 1587 enim

245 1611 489 1650 Caesenniae
509 1612 580 1650 fuit
601 1612 903 1651 Aebutius—ne
934 1614 1032 1651 forte
1064 1613 1269 1663 quaeratis,
1294 1627 1389 1652 num
1420 1614 1576 1665 propin-

244 1689 345 1726 quus
361 1676 530 1715 ?-—nihil
559 1676 930 1716 alienius—amicus
957 1692 979 1716 a
1008 1686 1116 1728 patre
1142 1686 1209 1717 aut
1228 1693 1251 1717 a
1271 1679 1353 1718 viro
1383 1679 1576 1718 traditus?

244 1741 395 1780 —nihil
418 1742 690 1792 minus—quis
712 1742 855 1792 igitur?
886 1743 961 1790 ille,
982 1743 1045 1782 illc
1067 1758 1185 1794 quem
1209 1758 1325 1795 supra
1345 1744 1572 1791 deformavi,
1597 1761 1635 1793 ²5

245 1807 485 1846 voluntarius
514 1807 664 1846 amicus
695 1807 866 1846 mulieris
897 1823 977 1847 non
1010 1809 1302 1849 necessitudine
1331 1810 1475 1861 aliqua,
1505 1812 1575 1850 sed

246 1873 338 1911 ficto
359 1872 487 1911 officio
508 1872 768 1923 simulataque
798 1873 1005 1912 sedulitate
1036 1874 1271 1913 coniunctus
1294 1874 1415 1925 magis
1436 1889 1575 1926 oppor-

188 1951 225 1984 15
246 1945 341 1977 tuna
374 1952 492 1988 opera
526 1952 606 1977 non
642 1953 859 1989 numquam
895 1953 1013 1989 quam
1047 1939 1261 1989 aliquando
1294 1940 1409 1978 fideli.
1471 1942 1573 1980 Cum

189 796 225 827 13

294 2053 307 2073 1
335 2047 369 2073 ut
394 2042 562 2073 frueretur
585 2053 651 2074 om.
676 2043 706 2075 ‘2-
861 2054 879 2073 2
904 2043 965 2073 suit
988 2042 1029 2073 El
1178 2045 1198 2074 8
1224 2044 1384 2075 maiorem
1409 2044 1573 2076 bonorum

253 2085 330 2117 TE:
354 2087 517 2117 bonorum
537 2087 698 2117 maiorem
716 2090 781 2118 cell.
890 2097 928 2125 14
954 2098 993 2117 eo
1012 2097 1145 2126 quoque
1162 2086 1263 2126 PTE,
1274 2087 1416 2119 Weiske:
1441 2099 1573 2127 quoque

247 2141 287 2160 eo
304 2134 369 2160 cett.
516 2132 555 2160 16
580 2131 773 2161 intrudebat
790 2131 839 2162 0⁶>-
986 2141 1025 2169 19
1048 2131 1116 2161 vita
1135 2131 1192 2161 hoc
1207 2131 1271 2161 loco
1288 2131 1359 2163 Ital).
1382 2131 1485 2172 PTE,
1500 2135 1577 2172 post

247 2184 343 2212 cogn.
358 2177 421 2204 cell.
516 2175 686 2213 cognostis
704 2173 827 2204 lfVeiske
846 2185 851 2204 :
877 2174 1057 2213 cognoscis
1075 2173 1124 2204 T:
1149 2174 1351 2213 cognoscitis
1366 2178 1430 2205 cett.
1532 2186 1574 2206 20

247 2217 429 2256 cognitoris
447 2217 550 2248 Ρωίῗι
577 2218 770 2257 eognotoris
787 2221 852 2248 cell.
945 2218 1078 2248 contriti
1096 2216 1211 2248 PTE:
1237 2218 1357 2248 conciti
1377 2221 1440 2249 cett.
1533 2228 1570 2248 21

248 2259 386 2300 regiam]
407 2260 510 2290 rixam
528 2260 710 2291 Beroaldus
821 2270 861 2299 24
886 2271 904 2291 a
923 2266 1019 2299 patre
1035 2260 1101 2292 PT
1109 2271 1117 2291 ε
1141 2264 1198 2291 aut
1215 2271 1234 2291 a
1251 2265 1347 2300 patre
1365 2265 1430 2293 cett.
1533 2271 1574 2301 25

248 2303 302 2333 ille
322 2302 376 2333 illc
394 2303 443 2333 P:
470 2303 524 2334 illc
543 2307 606 2335 cell.
743 2313 782 2343 27
809 2308 977 2343 oportuna
999 2303 1058 2335 TE
