1747 2620
158 75 271 116 2464
600 70 655 107 M.
688 70 857 107 TVLLI
889 68 1198 107 CICERONIS

229 182 327 221 sime
366 195 482 232 posse
517 181 671 219 dicere:
712 187 795 218 tum
831 194 921 218 cum
961 180 1125 218 haberet
1163 180 1261 218 haec
1300 193 1359 218 res
1399 178 1556 230 publica

229 246 433 293 Luscinos,
458 245 671 292 Calatinos,
695 244 898 292 Acidinos,
927 244 1110 283 homines
1136 257 1219 283 non
1245 245 1373 283 solum
1403 243 1558 282 honori-

227 312 302 351 bus
329 313 465 363 populi
494 311 691 361 rebusque
720 310 839 361 gestis
866 323 1000 349 verum
1031 309 1149 348 etiam
1180 309 1368 360 patientia
1396 323 1559 361 pauper-

226 377 314 415 tatis
353 384 523 424 ornatos,
566 384 603 414 et
643 383 725 414 tum
766 389 857 414 cum
896 382 1005 413 erant
1045 376 1230 422 Catones,
1267 374 1380 422 Phili,
1424 375 1556 421 Laelii,

225 456 391 493 quorum
414 441 645 492 sapientiam
664 440 1044 491 temperantiamque
1065 441 1103 478 in
1125 439 1292 490 publicis
1308 439 1556 490 privatisque,

225 507 444 546 forensibus
463 505 771 556 domesticisque
792 506 908 544 rebus
929 506 1223 556 perspexeratis‚
1242 512 1374 543 tamen
1395 504 1559 544 huiusce

226 574 333 612 modi
354 586 413 611 res
434 570 646 610 commissa
667 570 815 609 nemini
836 578 893 608 est
914 578 956 608 ut
977 569 1083 609 idem
1104 569 1294 608 iudicaret
1314 577 1353 608 et
1372 571 1559 609 venderet

224 646 262 677 ct
296 639 373 677 hoc
411 639 555 676 faceret
594 650 662 686 per
701 635 1017 687 quinquennium
1049 642 1134 674 toto
1167 635 1207 673 in
1242 635 1338 674 orbe
1372 643 1557 674 terrarum

226 703 411 754 idemque
449 716 562 754 agros
601 700 801 751 vectigalis
841 700 976 751 populi
1018 700 1191 739 Romani
1229 699 1468 739 abalienaret
1506 708 1555 747 et,

225 783 316 807 cum
342 782 538 807 summam
566 774 698 805 tantae
728 765 920 817 pecuniae
947 767 1057 804 nullo
1087 773 1185 804 teste
1212 765 1286 804 sibi
1307 765 1390 816 ipse
1414 780 1461 805 ex
1488 779 1557 804 sua

225 836 428 873 voluntate
448 832 616 879 fecisset,
639 839 722 870 tum
745 831 917 881 denique
939 838 1085 869 emeret
1105 845 1128 869 a
1148 830 1291 881 quibus
1312 832 1428 870 vellet
1448 832 1558 881 quod

165 907 205 947 65
226 900 432 939 videretur.
495 897 743 938 Committite
772 911 841 935 vos
872 910 988 943 nunc,
1023 896 1206 946 Quirites,
1239 896 1299 935 his
1328 896 1558 935 hominibus

226 966 323 1003 haec
367 963 500 1003 onmia
544 976 643 1013 quos
687 961 840 1001 odorari
885 962 992 999 hunc
1036 961 1231 999 xviratum
1280 961 1558 1012 suspicamini3

224 1030 423 1081 reperietis
445 1037 596 1080 partem
623 1043 708 1067 esse
733 1042 868 1067 eorum
898 1027 1042 1078 quibus
1063 1029 1113 1065 ad
1142 1028 1383 1075 habendum,
1407 1035 1557 1077 partem

155 1110 204 1148 25
225 1096 367 1146 quibus
388 1097 438 1134 ad
461 1095 779 1133 consumendum
804 1093 901 1131 nihil
923 1093 1014 1131 satis
1036 1107 1121 1132 esse
1142 1093 1329 1132 videatur.
1384 1093 1464 1131 Hic
1485 1106 1557 1142 ego

224 1160 300 1199 iam
341 1160 437 1199 illud
473 1161 581 1210 quod
622 1159 959 1210 expeditissimum
1000 1166 1058 1197 est
1099 1172 1148 1197 ne
1184 1158 1342 1209 disputo
1380 1158 1556 1208 quidem,

225 1226 410 1276 Quirites,
443 1240 523 1265 non
555 1239 641 1264 esse
674 1226 777 1264 hanc
812 1226 927 1264 nobis
957 1238 980 1262 a
1014 1223 1227 1262 maioribus
1262 1223 1435 1262 relictam
1466 1237 1558 1262 con-

224 1293 474 1330 suetudinem
505 1298 548 1329 ut
578 1298 759 1329 emantur
786 1289 864 1341 agri
896 1304 918 1328 a
944 1289 1101 1339 privatis
1129 1303 1209 1339 quo
1236 1290 1371 1339 plebes
1398 1288 1556 1339 publice

223 1358 467 1404 deducatur,
509 1355 694 1395 omnibus
729 1355 879 1406 legibus
917 1354 1017 1405 agris
1056 1354 1224 1405 publicis
1262 1352 1432 1404 privatos
1470 1367 1556 1392 esse

223 1424 427 1462 deductos.
490 1422 672 1460 Huiusce
707 1422 814 1460 modi
847 1434 911 1459 me
945 1419 1095 1470 aliquid
1129 1419 1179 1458 ab
1207 1420 1286 1460 hoc
1320 1418 1479 1457 horrido
1508 1432 1554 1457 ac

223 1496 330 1527 truce
351 1488 509 1526 tribuno
530 1487 656 1537 plebis
677 1494 923 1537 exspectasse
943 1486 1140 1535 confiteor,
1166 1486 1268 1523 hanc
1284 1498 1376 1523 vero
1397 1484 1555 1523 emendi

223 1561 260 1591 et
285 1553 483 1592 vendendi
514 1551 901 1603 quaestuosissimam
927 1565 973 1589 ac
1002 1549 1268 1601 turpissimam
1298 1557 1554 1588 mercaturam

222 1618 391 1657 alienam
412 1619 568 1657 actione
590 1617 810 1664 tribunicia,
828 1616 996 1655 alienam
1020 1615 1209 1667 dignitate
1230 1614 1365 1666 populi
1383 1615 1554 1654 Romani

161 1692 203 1723 66
223 1697 377 1733 semper
397 1682 540 1733 putavi.
580 1683 696 1721 Iubet
712 1696 825 1731 agros
843 1681 930 1720 emi.
974 1680 1146 1719 Primum
1166 1694 1312 1730 quaero
1328 1693 1427 1730 quos
1443 1693 1555 1730 agros

222 1758 260 1786 et
285 1747 428 1798 quibus
458 1747 497 1785 in
527 1746 652 1785 locis?
711 1748 818 1785 Nolo
848 1760 1079 1797 suspensam
1110 1754 1147 1784 et
1178 1745 1365 1784 incertam
1396 1746 1553 1795 plebem

223 1815 447 1852 Romanam
486 1812 655 1851 obscura
693 1825 763 1862 spe
803 1820 839 1850 et
881 1825 998 1850 caeca
1038 1810 1330 1861 exspectatione
1368 1812 1551 1861 pendere.

222 1879 400 1917 Albanus
429 1891 519 1928 ager
548 1884 616 1923 est,
648 1876 814 1924 Setinus‚
850 1877 1061 1923 Privernas,
1092 1877 1315 1923 Fundanus,
1347 1875 1553 1923 Vescinus,

223 1945 419 1990 Falernus,
445 1941 680 1990 Literninus,
700 1943 916 1989 Cumanus,
935 1942 1169 1980 Nucerinus.
1210 1940 1353 1979 Audio.
1395 1941 1459 1979 Ab
1479 1941 1555 1980 alia

264 2059 283 2086 4
310 2047 455 2088 Philippi
475 2047 564 2078 codd.
582 2059 587 2077 z
613 2059 691 2078 corr.
713 2047 874 2087 sig-onim
1023 2054 1040 2083 7
1065 2045 1189 2076 emissa
1205 2044 1257 2074 E:
1282 2044 1445 2084 permissa
1461 2043 1550 2075 Lcm-

222 2092 365 2122 redanns
479 2101 517 2121 12
543 2102 632 2122 nunc
651 2101 711 2121 vos
730 2091 761 2120 E
885 2100 920 2127 13
945 2088 1074 2119 adorari
1093 2088 1140 2118 Ee
1243 2088 1505 2127 suspicabamini
1519 2087 1555 2118 N

224 2137 262 2165 16
287 2139 337 2166 cst
359 2135 570 2172 chsenbergr:
596 2137 637 2166 sit
655 2134 744 2165 codd.
902 2143 936 2171 17
965 2132 1060 2163 vobis
1078 2143 1099 2162 n
1203 2143 1222 2162 a
1240 2131 1418 2161 maioribus
1434 2141 1498 2162 om.
1519 2130 1556 2161 N

226 2190 264 2218 19
289 2179 496 2210 deducantur
509 2179 556 2209 Ee
690 2189 732 2209 ex
749 2177 837 2216 agris
856 2176 1041 2205 Lambinus
1211 2185 1254 2205 20
1278 2174 1547 2215 deductos]s01·t.

223 2223 373 2253 deiectos
547 2234 583 2253 21
613 2221 736 2262 plebis]
756 2221 861 2260 plebis
879 2221 986 2250 fateor
1004 2220 1086 2259 Lag.
1103 2228 1126 2258 9
1260 2218 1426 2249 confiteor
1441 2218 1547 2257 suppl.

223 2265 389 2303 Zislinslei,
408 2272 442 2307 p.
467 2277 526 2304 113
616 2277 655 2304 24
683 2266 772 2295 iubet
791 2264 836 2294 Ee
854 2275 859 2293 :
885 2263 963 2293 libet
982 2267 1047 2294 salt.
1149 2272 1188 2301 27
1215 2262 1375 2293 Vestinus
1393 2261 1550 2297 (festinus

223 2309 283 2347 Ee)
302 2309 388 2340 codd.
408 2322 415 2340 :
440 2320 518 2341 corr.
539 2309 585 2341 ed.
610 2308 641 2338 V
739 2310 780 2338 28
808 2307 967 2338 Liternus
987 2307 1068 2337 i-ius
1086 2306 1131 2340 E>
1152 2304 1262 2336 codd:
1285 2315 1363 2336 corr.
1387 2304 1552 2335 Gebhard!

224 2352 414 2384 Nucerinus
432 2353 564 2393 scripsi:
588 2352 786 2383 ancasianas
803 2350 891 2382 codd.
910 2350 960 2390 (cf
973 2349 1059 2380 Plt'n.
1075 2349 1115 2379 N.
1129 2349 1176 2380 H.
1196 2348 1238 2381 iii.
1256 2350 1310 2386 62,
1324 2346 1398 2379 Lz'v.
1412 2348 1456 2379 ix.
1469 2348 1525 2387 38)
1542 2358 1549 2378 :

223 2397 388 2428 Casilinas
407 2397 466 2438 (an
478 2400 556 2438 post
574 2396 736 2427 Falernus
753 2393 1036 2435 transponendum
1048 2395 1072 2435 2)
1103 2392 1268 2424 Camillus
1283 2392 1481 2432 Peregrinus

1579 453 1595 484 5

1580 781 1618 802 ΙΟ

1582 1106 1615 1136 15

1577 1434 1616 1456 20

1577 1763 1613 1794 25
