1747 2620
140 70 190 108 24

150 340 192 375 70

212 67 253 108 69
582 62 638 100 M.
669 62 839 99 TVLLI
872 62 1179 101 CICERONIS

211 173 315 222 iuris,
338 181 376 213 et
401 174 440 213 in
461 188 548 214 eam
576 188 657 214 rem
679 188 759 213 non
781 176 909 213 solum
934 175 1104 214 rationes
1131 177 1309 224 adferret,
1331 176 1543 216 sedetiam

213 240 261 288 Q.
305 239 454 287 Mucio,
488 253 627 278 socero
664 253 747 286 suo,
790 240 1003 290 multisque
1037 239 1280 291 peritissimis
1315 241 1544 280 hominibus

211 305 437 343 auctoribus
476 312 658 343 uteretur.
718 305 823 343 Nam
857 304 925 355 qui
964 304 1024 343 ius
1059 305 1171 344 civile
1205 308 1545 346 contemnendum

212 377 334 420 putat,
366 369 397 408 is
428 370 586 408 Vincula
619 369 768 408 revellit
795 383 875 407 non
908 371 1029 408 modo
1061 370 1296 409 iudiciorum
1327 373 1396 410 sed
1425 371 1544 411 etiam

211 434 386 473 utilitatis
418 435 599 485 vitaeque
633 436 883 483 communis3
922 435 988 485 qui
1023 443 1155 474 autem
1191 435 1419 486 interpretes
1453 437 1581 483 iuris5

211 500 416 550 vituperat,
433 500 464 538 si
486 500 688 550 imperitos
710 500 802 539 iuris
823 514 909 539 esse
930 501 1036 549 dicit,
1059 502 1109 540 de
1130 501 1370 550 hominibus,
1392 516 1473 541 non
1495 504 1545 542 de

210 566 292 605 iure
327 566 430 605 civili
462 567 657 616 detrahit;
696 567 756 605 sin
788 567 922 617 peritis
954 581 1035 606 non
1074 575 1185 618 putat
1221 581 1305 608 esse
1344 570 1547 620 obtempe-

210 633 391 680 randum,
420 646 501 671 non
523 632 705 671 homines
735 633 867 680 laedit,
891 634 960 671 sed
990 634 1094 682 leges
1124 646 1170 672 ac
1199 632 1282 672 iura
1311 634 1544 679 labefactat;

209 699 319 748 quod
351 698 463 736 vobis
498 698 630 737 venire
660 698 699 736 in
734 705 908 736 mentem
940 699 1117 748 profecto
1153 712 1313 738 necesse
1345 706 1412 746 est,
1448 698 1544 737 nihil

210 776 295 802 esse
316 763 355 801 in
386 763 542 802 civitate
565 771 644 802 tam
672 763 879 814 diligenter
906 777 1025 813 quam
1054 763 1112 801 ius
1141 763 1252 802 civile
1279 764 1542 803 retinendum.
1567 778 1604 800 10

210 829 369 868 Etenim
400 830 476 868 hoc
507 830 662 867 sublato
697 828 793 867 nibil
824 837 881 868 est
909 843 987 879 qua
1016 843 1056 868 re
1086 831 1328 880 exploratum
1359 830 1544 880 cuiquam

210 894 333 944 possit
354 907 439 933 esse
466 894 563 944 quid
592 907 707 932 suum
736 901 803 932 aut
828 894 923 944 quid
949 894 1121 932 alienum
1152 894 1211 941 sit,
1235 894 1331 932 nihil
1353 902 1410 933 est
1437 896 1546 945 quod

208 960 416 1010 aequabile
451 960 551 999 inter
585 960 713 999 omnis
749 968 867 1010 atque
904 974 1025 998 unum
1066 960 1251 999 omnibus
1285 974 1370 999 esse
1409 961 1543 1011 possit.

212 1026 352 1075 Itaque
372 1025 411 1063 in
437 1025 575 1064 ceteris
603 1024 877 1064 controversiis
904 1033 1023 1075 atque
1051 1024 1206 1064 iudiciis
1228 1039 1317 1064 cum
1347 1025 1545 1075 quaeritur

208 1090 358 1140 aliquid
393 1092 539 1129 factum
574 1104 700 1129 necne
733 1090 792 1137 sit,
823 1103 958 1128 verum
993 1104 1043 1128 an
1080 1092 1218 1128 falsum
1249 1092 1473 1141 proseratur,
1507 1097 1545 1129 et
1569 1104 1603 1137 15

209 1156 322 1193 fictus
350 1156 458 1194 testis
484 1156 689 1194 subornari
717 1157 815 1194 solet
843 1164 881 1194 et
903 1156 1097 1206 interponi
1126 1158 1244 1195 falsae
1272 1157 1438 1203 tabulae,
1463 1169 1544 1195 non

208 1234 426 1270 numquam
462 1222 631 1259 honesto
664 1234 710 1259 ac
743 1221 938 1271 probabili
973 1220 1134 1259 nomine
1166 1221 1274 1259 bono
1307 1221 1390 1260 viro
1424 1222 1544 1261 iudici

208 1298 312 1323 error
337 1285 454 1333 obici,
477 1285 659 1336 improbo
688 1287 850 1324 facultas
876 1286 958 1324 dari
988 1294 1040 1334 ut,
1064 1299 1153 1324 cum
1185 1286 1311 1325 sciens
1338 1300 1542 1338 perperam

208 1350 397 1396 iudicarit,
431 1358 571 1389 testem
603 1358 735 1390 tamen
765 1358 832 1389 aut
860 1351 1012 1389 tabulas
1043 1359 1200 1390 secutus
1230 1365 1315 1390 esse
1341 1351 1542 1401 videatur3

207 1415 247 1453 in
268 1415 349 1454 iure
366 1415 462 1454 nihil
484 1423 541 1454 est
562 1416 645 1454 eius
667 1415 787 1463 modi,
811 1425 1113 1467 recuperatores,
1133 1431 1212 1455 non
1234 1418 1390 1457 tabulae
1411 1419 1540 1467 falsae,
1564 1433 1604 1455 20

209 1493 288 1518 non
311 1481 419 1519 testis
450 1481 664 1532 improbus,
688 1482 862 1532 denique
891 1482 1011 1521 nimia
1033 1482 1106 1521 ista
1132 1497 1233 1533 quae
1257 1484 1483 1523 dominatur
1502 1485 1542 1523 in

209 1545 364 1584 civitate
384 1546 561 1596 potentia
580 1546 620 1584 in
642 1548 718 1584 hoc
740 1548 824 1585 solo
845 1560 986 1597 genere
1007 1548 1198 1597 quiescit3
1227 1548 1322 1598 quid
1342 1557 1440 1599 agat,
1464 1563 1543 1600 quo

211 1612 331 1649 modo
357 1610 607 1661 adgrediatur
637 1611 821 1659 iudicem,
856 1626 933 1662 qua
963 1612 1135 1663 denique
1165 1613 1330 1663 digitum
1360 1616 1541 1664 proferat,

210 1690 290 1714 non
325 1677 454 1714 habet.
516 1678 621 1715 Illud
657 1677 761 1715 enim
798 1684 927 1727 potest
960 1677 1187 1725 dicliudici
1218 1679 1268 1716 ab
1299 1677 1431 1728 aliquo
1461 1692 1542 1717 non

209 1748 288 1779 tam
311 1742 536 1780 verecundo
561 1741 724 1780 homine
750 1756 868 1792 quam
890 1743 1081 1792 gratioso:
1117 1743 1268 1781 ‘iudica
1289 1744 1365 1782 hoc
1394 1745 1540 1782 factum
1564 1759 1602 1792 25

208 1820 293 1844 esse
322 1813 389 1844 aut
420 1820 638 1856 numquam
662 1820 746 1845 esse
769 1809 914 1845 sactum
933 1822 941 1855 ;
971 1809 1086 1847 crede
1108 1808 1199 1846 huic
1221 1808 1323 1856 testi,
1344 1809 1413 1846 has
1437 1822 1543 1847 com-

208 1872 331 1921 proba
359 1871 561 1919 tabulas'3
591 1873 667 1909 boc
698 1885 777 1909 non
801 1880 930 1922 potest
951 1889 957 1911 :
991 1877 1138 1912 ‘statue
1169 1873 1230 1911 cui
1253 1873 1353 1911 filius
1377 1881 1542 1924 agnatus

207 1937 266 1985 sit,
290 1937 372 1975 eius
394 1945 673 1976 testamentum
703 1952 782 1976 non
805 1952 890 1977 esse
912 1946 1068 1989 ruptum
1087 1953 1095 1986 ;
1123 1938 1254 1977 iudica
1275 1940 1383 1989 quod
1404 1938 1543 1978 mulier

254 2053 266 2072 1
296 2042 348 2072 ius
366 2047 399 2073 et
416 2041 546 2082 Kayser
677 2054 695 2082 4
722 2043 749 2073 is
767 2054 831 2075 om.
855 2042 886 2073 T
970 2042 1102 2074 revellit
1126 2043 1175 2074 T:
1201 2042 1323 2074 refellit
1341 2046 1406 2074 cett.
1524 2055 1541 2083 7

208 2087 260 2117 sin
287 2085 422 2128 peritis]
449 2087 478 2116 is
504 2087 670 2126 imperitis
700 2087 773 2118 TEe
909 2088 947 2117 16
972 2088 1096 2127 imponi
1122 2087 1209 2117 codd.
1230 2099 1237 2117 :
1262 2098 1342 2117 corr.
1367 2086 1542 2118 Hotoman

211 2140 247 2169 17
274 2129 371 2160 iudici
390 2129 449 2161 del.
469 2129 601 2170 Kayser
736 2141 773 2171 19
798 2135 920 2162 testem
940 2136 1049 2161 tamen
1075 2131 1108 2164 T,
1128 2130 1329 2161 Manutius:
1358 2136 1542 2161 testamen-

208 2178 278 2204 tum
295 2177 360 2204 cett.
473 2184 515 2204 20
540 2175 613 2205 eius
631 2175 716 2205 modi
738 2175 819 2205 nihil
838 2180 889 2205 est
914 2174 943 2205 T
1028 2175 1170 2205 tabellae
1188 2174 1220 2204 E
1321 2185 1362 2204 22
1387 2173 1540 2215 civitate]

208 2217 291 2247 urbe
330 2217 359 2247 T
488 2229 527 2257 24
555 2223 665 2258 potest
698 2219 883 2259 Angelius:
925 2229 986 2258 pro
1017 2223 1050 2249 te
1083 2223 1133 2248 cst
1167 2217 1254 2248 codd.
1399 2219 1440 2247 26
1465 2228 1541 2249 esse

208 2261 329 2291 factum
354 2261 486 2293 Baiter:
528 2262 649 2292 factum
679 2272 754 2292 esse
788 2267 936 2293 creatum
969 2261 1019 2292 T:
1057 2272 1133 2292 esse
1164 2262 1284 2292 sactum
1312 2261 1363 2291 vel
1393 2266 1539 2292 creatum

210 2304 404 2344 (cogitatum
431 2306 463 2344 k)
491 2310 556 2337 cett.
704 2317 743 2345 27
769 2310 878 2337 statue
904 2305 1066 2347 Madvig:
1099 2315 1135 2335 se
1160 2311 1191 2336 at
1218 2315 1259 2335 ue
1291 2305 1336 2336 T:
1373 2315 1449 2335 esse
1473 2308 1537 2336 cett.

206 2353 350 2387 agnatus
366 2349 396 2380 (ἶ
413 2349 483 2390 (ε’),
502 2349 668 2390 Angelius
687 2361 693 2381 :
717 2360 754 2380 ac
773 2354 871 2380 natus
888 2354 952 2380 cett.
