1716 2662
386 72 460 109 DE
491 72 638 110 LEGE
668 72 927 109 AGRARIA
959 72 1175 110 ORATIO
1207 73 1249 110 II
1433 82 1476 118 14
1497 86 1537 123 3?

150 191 208 223 est
227 197 398 235 aequum
421 198 492 224 nos
513 185 563 223 de
583 197 718 223 eorum
739 184 905 223 audacia
925 184 1111 236 suspicari
1138 198 1306 236 quorum
1327 186 1477 237 cupidi-

149 249 218 288 tati
238 249 405 289 nimium
425 257 613 300 angustus
633 250 739 289 orbis
759 258 946 289 terrarum
967 263 1053 289 esse
1073 250 1260 289 videatur.
1499 282 1543 320 15

203 315 374 354 Habetis
404 330 528 354 unum
559 315 798 354 venditionis
836 329 959 366 genus
993 317 1102 366 quod
1138 330 1324 366 magnum
1357 317 1478 356 videri
1500 334 1539 374 38

149 380 261 418 vobis
296 380 506 431 intellego;
547 382 617 420 sed
651 380 843 420 attendite
881 381 1036 420 animos
1075 383 1124 420 ad
1165 395 1210 420 ea
1249 395 1350 432 quae
1389 396 1479 421 con-

110 462 128 494 5
149 453 392 495 sequuntur3
421 447 528 484 hunc
552 445 664 496 quasi
687 447 853 496 gradum
879 448 1080 497 quendam
1110 454 1229 496 atque
1245 446 1397 486 aditum
1428 449 1479 486 ad

148 517 277 548 cetera
296 512 443 548 factum
475 510 719 560 intellegetis.
792 512 896 560 ‘QVI
927 523 1039 559 AGRI,
1071 523 1180 556 QVAE
1212 523 1326 558 LOCA,
1359 524 1475 550 AEDI-

150 577 283 614 FICIA.'
332 576 440 625 Quid
461 584 519 614 est
536 578 767 626 praeterea?
816 577 945 615 Multa
965 576 1005 614 in
1027 575 1244 627 mancipiis,
1261 577 1300 615 in
1322 591 1475 628 pecore,

147 654 254 688 auro,
275 649 447 690 argento,
470 641 600 688 ebore,
624 648 742 688 veste,
765 641 1010 692 supellectili,
1033 641 1171 680 ceteris
1194 642 1321 680 rebus.
1369 642 1478 692 Quid

147 705 310 744 dicam?
338 705 576 744 invidiosum
597 713 755 756 putasse
774 708 852 745 hoc
873 708 965 754 fore,
989 707 1019 745 si
1041 707 1175 745 omnia
1202 707 1479 746 nominasset?

90 786 128 808 10
149 771 243 808 Non
277 770 416 809 metuit
449 770 649 809 invidiam.
708 770 818 820 Quid
853 774 978 822 ergo?
1034 773 1217 822 Longum
1252 772 1404 823 putavit
1439 781 1477 811 et

147 834 278 874 timuit
307 849 357 874 ne
388 835 485 885 quid
517 836 771 886 praeteriret,-
799 836 977 887 ascripsit
1007 840 1214 875 ‘ALIVDVE
1245 840 1370 885 QVID,'
1399 851 1477 887 qua

147 899 336 939 brevitate
374 914 455 939 rem
494 903 642 939 nullam
683 915 769 939 esse
807 909 1012 952 exceptam
1052 903 1203 941 videtis.
1271 902 1474 953 Quicquid

146 965 262 1017 igitur
299 965 347 1004 sit
385 973 491 1004 extra
531 966 684 1004 Italiam
732 968 841 1017 quod
880 967 1083 1017 publicum
1123 969 1259 1018 populi
1300 968 1473 1007 Romani

146 1032 293 1069 factum
323 1030 372 1069 sit
403 1033 444 1069 L.
469 1032 575 1070 Sulla
603 1032 654 1080 Q.
677 1032 869 1082 Pompeio
899 1032 1128 1071 consulibus
1157 1040 1225 1071 aut
1255 1041 1401 1083 postea,
1434 1033 1475 1071 id

88 1112 127 1145 15
147 1096 279 1134 xviros
308 1096 418 1134 iubet
446 1097 624 1134 vendere.
686 1097 780 1134 Hoc
810 1096 950 1147 capite,
972 1097 1156 1146 Quirites,
1180 1097 1309 1136 omnis
1335 1097 1475 1147 gentis,
1495 1109 1536 1142 39

146 1161 336 1208 nationes,
360 1160 589 1211 provincias,
614 1174 732 1211 regna
755 1161 911 1200 xvirum
942 1161 1101 1210 dicioni,
1125 1162 1272 1201 iudicio
1300 1170 1473 1212 potesta-

145 1227 254 1277 tique
301 1227 488 1276 permissa
525 1235 563 1265 et
602 1228 829 1266 condonata
868 1241 953 1266 esse
994 1228 1096 1267 dico.
1175 1230 1350 1267 Primum
1398 1230 1475 1267 hoc

145 1304 307 1342 quaero,
326 1291 441 1341 ecqui
470 1293 631 1330 tandem
661 1294 772 1330 locus
800 1306 967 1342 usquam
994 1293 1042 1331 sit
1069 1306 1187 1343 quem
1214 1307 1295 1332 non
1323 1293 1475 1344 possint

146 1356 247 1395 xviri
275 1356 405 1394 dicere
431 1356 634 1406 publicum
666 1357 802 1407 populi
835 1357 1006 1396 Romani
1035 1371 1120 1397 esse
1149 1360 1307 1397 factum.
1369 1360 1474 1397 Nam

87 1438 126 1459 20
145 1434 240 1460 cum
265 1420 372 1460 idem
403 1421 525 1471 possit
555 1421 728 1461 iudicare
758 1422 826 1472 qui
856 1422 1006 1470 dixerit,
1039 1423 1135 1473 quid
1166 1432 1223 1462 est
1253 1425 1363 1474 quod
1393 1437 1474 1462 non

145 1487 260 1525 liceat
280 1486 315 1525 ei
337 1486 466 1525 dicere
487 1486 550 1525 cui
571 1486 686 1525 liceat
707 1487 836 1526 eidem
859 1487 1062 1527 iudicare?
1111 1490 1380 1528 Commodum
1402 1489 1473 1527 erit

147 1554 392 1602 Pergamum,
408 1553 625 1602 Smyrnam,
644 1552 795 1599 Trallis,
822 1553 1037 1602 Ephesum,
1059 1553 1254 1600 Miletum,
1272 1553 1470 1603 Cyzicum,

144 1625 267 1655 totam
298 1616 470 1666 denique
498 1616 633 1654 Asiam
665 1631 765 1667 quae
796 1625 885 1667 post
916 1619 959 1655 L.
983 1619 1129 1656 Sullam
1162 1619 1211 1667 Q.
1239 1618 1473 1668 Pompeium

145 1684 330 1720 consules
355 1690 581 1732 recuperata
609 1682 657 1720 sit
684 1682 820 1732 populi
851 1683 1024 1721 Romani
1046 1684 1189 1721 factam
1212 1697 1297 1722 esse
1318 1684 1475 1733 dicere3

88 1761 124 1792 25
145 1755 274 1785 utrum
292 1747 417 1785 oratio
435 1748 486 1785 ad
507 1747 589 1785 eius
611 1747 664 1785 rei
686 1747 995 1797 disputationem
1018 1748 1152 1795 deerit,
1171 1762 1232 1796 an,
1255 1763 1345 1787 cum
1367 1749 1472 1788 idem
1494 1767 1534 1799 40

144 1819 183 1850 et
199 1811 361 1850 disseret
375 1818 413 1849 et
433 1811 632 1858 iudicabit,
653 1812 801 1861 impelli
819 1826 899 1850 non
918 1813 1060 1862 poterit
1075 1821 1115 1851 ut
1134 1814 1273 1851 falsum
1295 1813 1472 1853 iudicet?

144 1889 206 1923 an,
239 1875 269 1913 si
302 1877 567 1915 condemnare
599 1876 735 1914 Asiam
769 1878 886 1924 nolet,
923 1885 1108 1915 terrorem
1141 1878 1406 1916 damnationis
1435 1887 1473 1917 et

145 1940 270 1978 minas
300 1954 382 1980 non
409 1941 546 1992 quanti
575 1943 680 1980 volet
710 1941 966 1980 aestimabit?
1029 1942 1171 1990 Quid?
1200 1944 1309 1992 quod
1343 1943 1474 1993 dispu-

192 2055 204 2075 1
233 2055 294 2075 nos
311 2045 380 2076 Een
395 2057 402 2076 :
426 2056 487 2076 vos
502 2049 568 2077 cell.
702 2057 721 2085 4
745 2052 976 2077 consecuntur
992 2047 1038 2078 Ee
1177 2047 1198 2076 6
1222 2047 1342 2077 iactum
1359 2046 1448 2079 codd.
1467 2059 1474 2079 τ

145 2098 224 2118 corr.
261 2088 482 2120 Lauredanns
616 2090 815 2130 intelligetis
846 2091 925 2120 eok:
967 2090 1154 2129 intelligitis
1187 2094 1251 2120 cett.
1387 2101 1473 2129 quae

148 2134 302 2164 aedificia
330 2133 362 2172 k,
385 2133 451 2164 cod.
481 2133 676 2164 Lauredam‘
819 2144 840 2173 9
865 2139 1016 2173 putasset
1042 2133 1154 2164 coslai:
1192 2143 1270 2163 corr.
1299 2132 1474 2165 Puteanus

148 2189 160 2209 1
172 2189 182 2209 1
209 2177 340 2208 aliudve
357 2175 419 2207 Ee:
443 2177 577 2207 aliudne
593 2181 658 2208 cett.
833 2187 870 2216 13
896 2177 998 2214 igitur
1014 2177 1060 2207 Ee
1075 2188 1081 2207 :
1106 2187 1188 2216 ergo
1206 2180 1268 2207 cett.
1433 2187 1471 2217 15

146 2223 254 2260 capite
271 2221 301 2260 k,
321 2220 403 2261 Lag.
423 2231 443 2260 9
460 2232 465 2250 :
493 2225 591 2260 caput
607 2224 673 2252 cett.
812 2222 849 2250 18
873 2221 968 2260 ecqui
994 2220 1178 2251 Geblzardt:
1204 2220 1292 2250 enim
1311 2220 1366 2260 qui
1383 2220 1472 2253 codd.

146 2265 327 2297 decemviri
353 2275 418 2295 non
444 2264 576 2304 possint
599 2264 632 2294 E
792 2274 829 2294 21
863 2265 913 2294 cui
939 2264 985 2295 ed.
1012 2262 1181 2304 Hemag.:
1210 2264 1261 2294 cui
1286 2274 1352 2294 non
1378 2263 1468 2296 codd.

146 2309 234 2340 idem
245 2308 332 2341 codd.
352 2320 357 2338 :
382 2318 461 2340 corr.
477 2307 639 2348 Angelius
727 2317 766 2347 25
792 2308 1072 2347 disceptationem
1089 2306 1341 2348 Naugerius(1)
1430 2309 1473 2339 28

146 2353 332 2384 aestimabit
348 2353 377 2391 k,
396 2351 441 2383 ed.
467 2351 524 2381 R:
548 2351 751 2383 existimabit
773 2356 837 2382 cett.
864 2362 939 2390 xom.
965 2362 1005 2381 an
1030 2361 1104 2382 cum
1125 2376 1131 2382 .
1150 2376 1157 2382 .
1177 2378 1182 2383 .
1203 2350 1392 2382 aestimabit
1416 2351 1470 2392 M)

146 2395 252 2434 quod]
270 2397 311 2427 de
328 2406 395 2437 quo
413 2394 554 2436 Madvzjg
