1716 2662
418 81 528 118 PRO
560 82 604 117 A.
639 81 891 119 CAECINA
922 81 1138 119 ORATIO
1411 90 1437 129 3
1459 99 1479 130 9

112 191 253 230 riarum
288 192 348 230 vel
386 190 523 242 capitis
555 190 700 230 iudicia
733 190 947 230 constituta
977 199 1082 240 sunt,
1112 190 1153 230 in
1192 205 1240 230 eo
1274 191 1438 242 potestis

110 256 354 295 atrocitatem
381 264 555 295 nostram
585 257 881 307 reprehendere,
904 271 995 295 cum
1015 256 1180 296 videatis
1208 257 1305 295 nihil
1331 256 1439 296 aliud

110 328 242 360 aetum
272 321 346 360 nisi
380 321 671 372 possessionem
704 335 773 372 per
803 321 1055 361 interdictum
1083 336 1168 361 esse
1202 321 1441 372 repetitam?

110 388 269 434 Verum,
305 386 385 425 sive
416 400 486 425 vos
518 386 816 426 existimationis
848 387 950 426 illius
982 386 1200 437 periculum
1236 387 1316 426 sive
1347 386 1439 425 iuris
1458 396 1485 434 4

71 464 89 495 5
110 451 304 490 dubitatio
340 452 527 491 tardiores
558 451 650 490 fecit
673 454 805 492 adhuc
828 454 880 491 ad
904 452 1172 500 iudicandum,
1201 452 1359 492 alterius
1386 452 1440 492 rei

110 530 269 555 causam
289 524 442 555 vosmet
463 516 537 567 ipsi
558 516 635 555 iam
656 517 769 556 vobis
793 517 949 568 saepius
970 519 1124 568 prolato
1144 517 1292 558 iudicio
1317 526 1441 557 sustu-

109 582 217 630 listis,
258 581 414 621 alterius
458 596 531 633 ego
570 583 682 622 vobis
726 583 919 622 hodierno
957 583 1022 622 die
1060 596 1220 621 causam
1263 585 1440 634 profecto

108 649 292 695 auferam,
316 662 366 686 ne
393 647 540 686 diutius
561 649 611 687 de
636 648 901 687 controversia
927 656 1060 687 nostra
1088 661 1134 686 ac
1155 649 1205 687 de
1235 647 1439 687 communi

109 712 191 751 iure
239 712 436 752 dubitetis.
510 714 560 751 Et
604 713 635 751 si
678 715 777 752 forte
816 713 982 752 videbor
1023 713 1139 752 altius
1182 713 1337 753 initium
1385 713 1439 753 rei

50 791 89 813 10
108 779 440 817 demonstrandae
473 778 617 829 petisse
648 792 767 829 quam
800 793 863 818 me
894 779 991 818 ratio
1022 778 1114 818 iuris
1153 778 1236 818 eius
1270 781 1320 819 de
1359 793 1439 830 quo

107 843 296 882 iudicium
318 851 376 882 est
396 851 434 882 et
454 851 592 882 natura
611 857 753 883 causae
779 844 959 895 coegerit,
983 858 1131 895 quaeso
1151 852 1194 883 ut
1214 844 1435 895 ignoscatis.

107 910 201 947 Non
223 907 329 947 enim
357 908 486 946 minus
507 909 658 947 laborat
678 911 725 948 A.
750 909 924 949 Caecina
949 923 1000 948 ne
1026 923 1184 948 summo
1204 909 1287 948 iure
1313 909 1437 960 egisse

107 987 227 1024 quam
248 988 298 1012 ne
318 982 467 1012 certum
490 973 549 1012 ius
570 987 651 1012 non
672 974 891 1014 obtinuisse
911 974 1098 1013 videatur.

164 1040 220 1077 M.
254 1038 456 1077 Fulcinius
486 1038 568 1087 fuit,
600 1048 902 1090 recuperatores,
935 1055 956 1079 e
986 1040 1204 1090 municipio
1233 1040 1438 1091 Tarquini-

49 1115 86 1146 15
107 1105 217 1152 ensi,
246 1103 313 1153 qui
334 1111 372 1142 et
392 1103 502 1142 domi
522 1117 616 1142 suae
635 1117 727 1142 curn
748 1104 882 1155 primis
904 1106 1094 1143 honestus
1115 1104 1357 1143 existimatus
1378 1113 1437 1143 est

107 1177 145 1207 et
176 1171 329 1208 Romae
358 1168 616 1219 argentariam
646 1183 727 1208 non
752 1169 967 1220 ignobilem
995 1170 1097 1209 fecit.
1159 1172 1199 1209 Is
1228 1170 1367 1208 habuit
1395 1170 1435 1208 in

107 1233 357 1272 matrimonio
389 1234 663 1282 Caesenniam,
687 1236 829 1274 eodem
862 1249 884 1274 e
915 1235 1133 1286 municipio
1162 1249 1320 1274 summo
1346 1236 1436 1274 loco

107 1307 239 1338 natam
259 1306 298 1338 et
318 1298 635 1350 probatissimam
655 1299 855 1348 feminam,
879 1299 979 1338 sicut
1007 1308 1045 1339 et
1065 1300 1175 1339 vivus
1196 1300 1280 1351 ipse
1301 1300 1434 1339 multis

106 1365 221 1404 rebus
243 1364 416 1403 ostendit
436 1372 474 1403 et
494 1364 534 1403 in
555 1372 681 1404 morte
702 1378 772 1403 sua
792 1372 1029 1404 testamento
1050 1365 1273 1406 declaravit.
1325 1366 1434 1405 Huic

48 1447 88 1469 20
107 1429 351 1470 Caesenniae
371 1431 538 1469 fundum
568 1430 609 1468 in
638 1444 731 1481 agro
756 1430 1034 1481 Tarquiniensi
1054 1431 1234 1470 vendidit
1255 1431 1436 1483 tempori—

107 1496 180 1534 bus
213 1495 287 1534 illis
321 1495 559 1534 difficillimis
594 1495 826 1544 solutionis;
855 1509 945 1534 cum
977 1503 1150 1534 uteretur
1182 1497 1311 1536 uxoris
1341 1498 1435 1536 dote

106 1569 318 1609 numerata,
341 1575 420 1612 quo
437 1561 589 1600 mulieri
603 1575 662 1600 res
677 1569 777 1600 esset
792 1561 952 1608 cautior,
972 1561 1119 1600 curavit
1135 1569 1177 1600 ut
1193 1562 1232 1600 in
1246 1576 1294 1602 eo
1310 1564 1435 1601 fundo

104 1628 177 1666 dos
207 1629 487 1666 conlocaretur.
547 1627 764 1677 Aliquanto
785 1635 873 1677 post
894 1626 971 1664 iam
1001 1629 1216 1677 argentaria
1245 1628 1435 1667 dissoluta

107 1691 307 1731 Fulcinius
328 1692 421 1731 huic
441 1693 566 1731 fundo
583 1692 713 1731 uxoris
730 1691 974 1730 continentia
990 1693 1186 1742 quaedam
1203 1695 1362 1744 praedia
1381 1701 1435 1731 at-

45 1769 83 1802 25
105 1771 182 1808 que
195 1757 381 1797 adiuncta
396 1766 598 1797 mercatur.
623 1758 793 1797 Moritur
808 1757 1187 1796 Fulcinius—multa
1199 1758 1316 1806 enim,
1333 1773 1434 1809 quae

105 1830 195 1861 sunt
219 1822 257 1861 in
279 1837 329 1871 re,
353 1823 446 1873 quia
469 1830 621 1862 remota
640 1831 731 1862 sunt
757 1837 780 1861 a
804 1837 932 1870 causa,
959 1823 1434 1873 praetermittam—testa-

105 1895 239 1927 mento
273 1888 364 1927 facit
398 1890 584 1928 heredem
617 1902 736 1939 quem
771 1888 944 1926 habebat
975 1902 997 1926 e
1030 1888 1251 1928 Caesennia
1282 1889 1405 1928 filium
1422 1904 1432 1938 3

104 1966 218 1991 usum
259 1960 298 1993 et
335 1954 504 1992 fructum
544 1953 723 1992 omnium
762 1953 958 1991 bonorum
994 1966 1154 1991 suorum
1187 1954 1432 1993 Caesenniae

147 2057 168 2087 6
191 2055 302 2097 vobis]
320 2066 380 2087 vos
403 2056 432 2087 T
589 2057 609 2087 8
634 2056 782 2087 auferam
805 2054 879 2086 TE:
905 2055 1043 2086 afferam
1061 2060 1125 2088 cett.
1290 2067 1311 2097 9
1335 2057 1431 2098 etsi]

103 2100 190 2139 quod
209 2099 234 2130 si
253 2100 282 2131 ‘3‘
380 2100 518 2132 alterius
541 2100 571 2131 T
724 2110 763 2130 10
787 2100 860 2130 cius
877 2099 1002 2130 Faber:
1027 2104 1060 2130 et
1077 2100 1128 2131 ius
1145 2099 1232 2131 codd.
1394 2111 1433 2140 13

105 2148 195 2174 certe
219 2143 247 2174 T
351 2153 387 2183 15
414 2154 486 2174 cum
504 2145 536 2174 in
556 2143 669 2184 primis
686 2144 716 2175 ἢ·
826 2143 865 2172 16
888 2142 937 2184 et]
954 2148 1021 2174 tum
1040 2148 1073 2173 et
1089 2143 1120 2174 ς’
1234 2153 1269 2182 17
1294 2154 1312 2174 e
1326 2145 1434 2176 ona?

108 2188 146 2217 18
173 2187 245 2227 ipse
263 2186 378 2218 multis
401 2187 479 2218 TE:
504 2188 617 2218 multis
633 2188 705 2227 ipse
723 2190 788 2218 cett.
916 2196 955 2225 19
978 2196 1039 2217 sua
1057 2186 1115 2218 del.
1134 2186 1269 2218 Ernesti
1392 2198 1429 2218 21

105 2230 320 2261 difficillimae
353 2229 544 2262 Lambinus
722 2229 837 2261 uxoris
869 2230 947 2261 dote
986 2229 1043 2260 TE
1061 2242 1066 2261 :
1106 2230 1184 2261 dote
1217 2230 1331 2262 uxoris
1362 2235 1427 2262 cett.

105 2283 146 2304 22
170 2283 224 2304 res
241 2278 331 2304 esset
353 2273 421 2305 Tk:
446 2280 539 2306 esset
556 2285 610 2306 res
626 2278 691 2307 cett.
841 2283 883 2312 23
908 2274 968 2304 dos
986 2283 1051 2305 om.
1076 2273 1106 2305 T
1204 2274 1385 2314 aliquando
1407 2274 1437 2306 T

106 2318 147 2347 28
172 2322 204 2348 et
227 2316 318 2348 TE1:
342 2328 408 2349 om.
429 2321 493 2349 cett.

1464 728 1499 750 10

1458 1383 1491 1405 11
