1747 2620
150 99 237 137 414
422 91 497 129 DE
527 91 675 129 LEGE
706 91 966 129 AGRARIA
997 90 1214 128 ORATIO
1247 91 1311 127 111

138 602 174 634 15

195 204 535 243 confirmabuntur
573 203 725 255 optimo
764 203 857 242 iure.
934 203 1070 241 Habet
1109 202 1318 253 publicos;
1365 203 1528 242 reddam

196 268 378 319 privatos.
438 268 623 319 Denique
653 282 720 307 eos
751 269 897 307 fundos
925 280 1025 318 quos
1050 267 1090 306 in
1115 281 1207 318 agro
1228 267 1404 307 Casinati
1432 266 1529 317 opti-

197 347 283 372 mos
312 333 727 384 fructuosissimosque
751 332 1010 381 continuavit,
1031 346 1123 371 cum
1146 346 1272 382 usque
1301 345 1350 371 eo
1379 331 1530 371 vicinos

196 399 456 449 proscriberet
483 400 616 449 quoad
642 400 808 449 angulos
828 399 1118 452 conformando
1139 412 1186 436 ex
1206 398 1339 437 multis
1360 397 1529 449 praediis

196 477 315 501 unam
351 464 462 503 fundi
502 464 702 514 regionem
742 477 1004 514 normamque
1036 463 1252 514 perfecerit,
1288 476 1388 512 quos
1423 476 1529 502 nunc

196 542 288 567 cum
308 529 443 580 aliquo
463 537 571 568 metu
593 537 711 577 tenet,
735 529 820 568 sine
839 531 919 568 ulla
939 543 1033 568 cura
1052 527 1296 580 possidebit.'

252 596 303 633 Et
334 594 523 645 quoniam
558 609 636 645 qua
674 596 725 634 de
763 608 882 634 causa
919 602 958 634 et
996 608 1164 645 quorum
1204 607 1323 633 causa
1356 593 1420 632 ille
1453 595 1531 632 hoc

196 661 451 711 promulgarit
485 661 653 710 ostendi,
690 663 833 700 doceat
867 661 952 712 ipse
984 674 1091 699 nunc
1123 673 1197 711 ego
1229 673 1348 710 quem
1380 672 1531 711 posses-

197 740 325 765 sorem
377 727 605 775 defendam,
656 740 749 765 cum
800 726 971 777 agrariae
1028 725 1104 776 legi
1157 725 1304 764 resisto.
1383 724 1529 763 Silvam

197 791 396 830 Scantiam
435 791 601 840 vendis,
647 793 816 843 populus
856 794 1063 830 Romanus
1100 790 1301 842 possidet3
1343 791 1527 829 defendo.

197 857 448 907 Campanum
482 870 617 907 agrurn
645 856 814 905 dividis3
845 870 915 895 vos
950 856 1041 895 estis
1071 855 1110 895 in
1141 855 1415 906 possessione3
1449 868 1531 893 non

1551 471 1568 503 5

1554 799 1590 821 10

197 923 307 960 cedo.
370 921 527 962 Deinde
555 921 704 970 Italiae,
735 921 890 960 Siciliae
917 929 1215 972 ceterarumque
1241 919 1530 973 provinciarum
1560 926 1567 929 “

196 985 466 1037 possessiones
495 986 644 1025 venalis
672 1000 719 1025 ac
748 986 984 1037 proscriptas
1013 988 1089 1026 hac
1116 989 1202 1037 lege
1230 985 1347 1025 video
1363 1001 1373 1034 3
1405 993 1531 1024 vestra

197 1059 288 1089 sunt
319 1051 488 1101 praedia,
532 1059 683 1090 vestrae
721 1051 991 1102 possessiones
1007 1066 1017 1100 3
1060 1051 1237 1090 resistam
1269 1059 1389 1101 atque
1420 1064 1529 1101 repu-

195 1118 328 1167 gnabo
348 1131 478 1167 neque
498 1117 622 1168 patiar
647 1130 671 1155 a
693 1130 895 1167 quoquam
917 1118 1109 1167 populum
1131 1118 1359 1154 Romanum
1380 1117 1430 1154 de
1450 1114 1529 1153 suis

196 1182 512 1233 possessionibus
547 1196 610 1221 me
634 1184 798 1221 consule
829 1182 1040 1229 demoveri,
1074 1181 1311 1233 praesertim,
1342 1180 1526 1230 Quirites,

138 1251 177 1284 16
197 1261 286 1286 cum
335 1247 447 1286 vobis
490 1247 587 1286 nihil
628 1255 846 1298 quaeratur.
918 1248 1011 1285 Hoc
1055 1246 1159 1285 enim
1203 1259 1273 1285 vos
1320 1247 1362 1285 in
1402 1259 1529 1284 errore

195 1312 337 1351 versari
358 1312 505 1352 diutius
527 1327 607 1351 non
632 1320 797 1363 oportet.
858 1313 966 1351 Num
991 1311 1078 1362 quis
1098 1319 1269 1350 vestrum
1293 1312 1345 1349 ad
1365 1310 1455 1357 vim,
1478 1312 1529 1348 ad

195 1378 357 1427 facinus,
384 1379 435 1417 ad
465 1380 629 1417 caedem
653 1379 980 1416 accommodatus
1001 1378 1088 1416 est?
1145 1378 1287 1415 Nemo.
1347 1374 1470 1425 Atqui
1494 1374 1527 1413 ei

194 1443 327 1493 generi
357 1443 576 1491 hominum,
600 1442 696 1481 mihi
723 1442 881 1489 credite,
905 1443 1133 1492 Campanus
1153 1455 1244 1492 ager
1270 1448 1309 1479 et
1332 1442 1529 1492 praeclara

195 1508 260 1547 illa
281 1509 419 1558 Capua
443 1516 615 1547 servatur
629 1523 639 1557 ;
669 1508 860 1547 exercitus
887 1515 1024 1546 contra
1043 1521 1124 1555 vos,
1148 1515 1284 1546 contra
1308 1506 1527 1546 libertatem

196 1582 377 1623 vestram,
402 1582 538 1613 contra
569 1575 641 1614 Cn.
674 1573 907 1623 Pompeium
944 1573 1218 1621 constituitur3
1258 1580 1396 1610 contra
1425 1574 1528 1610 hanc

195 1641 333 1679 urbem
355 1642 504 1691 Capua,
527 1641 663 1679 contra
682 1653 752 1678 vos
773 1653 912 1678 manus
934 1638 1141 1677 hominum
1161 1638 1524 1686 audacissimorum,

194 1714 331 1744 contra
370 1707 443 1746 Cn.
485 1705 721 1756 Pompeium
763 1718 790 1743 X
835 1707 956 1743 duces
997 1712 1284 1755 comparantur.
1354 1703 1527 1742 Veniant

194 1779 232 1810 et
261 1785 405 1818 coram,
438 1770 625 1821 quoniam
657 1784 720 1809 me
754 1770 794 1808 in
823 1777 990 1808 vestram
1020 1768 1247 1808 contionem
1277 1767 1390 1807 vobis
1424 1768 1527 1818 flagi-

194 1836 369 1875 tantibus
390 1842 662 1883 evocaverunt,
686 1834 890 1873 disserant.

238 1958 258 1977 2
282 1952 436 1986 optumos
452 1957 468 1977 e
643 1956 663 1985 3
688 1957 768 1986 -que
792 1945 857 1977 Ee:
892 1956 957 1978 om.
978 1949 1043 1977 cett.
1223 1957 1242 1985 4
1267 1944 1374 1975 oculis
1392 1945 1460 1986 (-os
1477 1943 1524 1981 N>

194 1991 425 2022 confirmando
445 1990 689 2028 (continuando
705 1991 739 2031 le)
758 1989 843 2020 codd.
861 2001 867 2020 :
891 2000 973 2020 corr.
996 1989 1192 2020 Gulielmius
1338 1998 1357 2027 5
1382 1988 1476 2018 fundi
1492 1988 1524 2026 le,

193 2034 384 2075 Naugerius
402 2033 452 2076 (2)
471 2045 478 2064 ε
502 2034 604 2064 eundi
623 2037 687 2065 cett.
780 2043 998 2072 normamque
1014 2034 1127 2073 scripsi
1145 2033 1195 2073 (cf.
1217 2031 1300 2063 Hor.
1316 2031 1389 2063 Sal.
1408 2032 1442 2063 ii.
1460 2033 1491 2062 6.
1504 2032 1526 2062 8

193 2079 336 2117 angulus
353 2102 360 2109 .
382 2101 389 2108 .
410 2102 417 2109 .
439 2078 495 2117 qui
513 2088 601 2108 nunc
619 2078 794 2108 denormat
811 2077 972 2116 agellum)
991 2088 997 2106 t
1023 2076 1229 2115 formamque
1247 2075 1335 2107 codd.
1449 2085 1525 2115 per-

193 2122 311 2152 ficeret
328 2121 460 2152 Ernesti
623 2122 644 2151 8
668 2120 888 2160 promulgavit
906 2119 992 2150 codd.
1011 2131 1017 2150 :
1042 2130 1120 2151 corr.
1144 2119 1302 2150 Graevius
1434 2129 1524 2150 nunc

193 2166 382 2196 Ilffonwnsm
400 2177 406 2196 :
431 2175 510 2195 num
529 2164 608 2203 (om.
629 2175 650 2195 n
668 2165 702 2195 in
720 2163 794 2204 lac.)
813 2163 901 2195 codd.
1066 2173 1104 2193 10
1128 2163 1272 2203 populus
1291 2163 1332 2194 R.
1352 2163 1383 2200 k,
1401 2162 1525 2193 Laure-

193 2209 325 2239 danus:
363 2219 416 2239 res
442 2219 473 2248 p.
498 2212 563 2239 cett.
745 2219 782 2238 12
808 2208 956 2246 denique
973 2206 1020 2236 Ec
1152 2206 1400 2245 provinciarum
1418 2216 1481 2236 om.
1501 2216 1523 2235 n

196 2262 234 2291 15
259 2264 277 2283 a
294 2262 362 2291 quo
380 2251 427 2282 Ee
607 2252 646 2282 16
668 2251 839 2282 demoveri
858 2261 905 2290 χιι
924 2262 930 2281 :
957 2251 1144 2280 demoverit
1161 2249 1227 2281 Ee:
1253 2249 1414 2280 dimoveri
1431 2248 1525 2288 Μμς

192 2295 343 2334 Quirites
362 2295 480 2327 Klotz:
507 2305 588 2335 ·que
604 2294 674 2326 Ec:
704 2305 804 2334 quom
824 2296 928 2334 (cum)
948 2297 1013 2324 cell.
1194 2303 1229 2332 17
1256 2294 1288 2323 in
1304 2293 1409 2333 suppl.
1429 2291 1523 2323 Nau—

187 2340 302 2379 gerius
319 2340 372 2379 (Ι)
503 2349 542 2378 19
566 2339 607 2369 ad
625 2339 762 2369 caedem
774 2348 809 2368 e:
834 2348 873 2368 ac
890 2337 1006 2367 cedem
1026 2337 1204 2371 (accedere
1218 2336 1262 2376 E)
1276 2339 1340 2367 cell.
1431 2336 1522 2375 atqui

193 2393 259 2422 mo,
274 2382 470 2413 Manutius:
495 2387 597 2421 atque
609 2386 674 2413 cett.
789 2391 829 2420 25
853 2385 886 2411 et
898 2390 1008 2411 coram
1020 2381 1169 2411 Richter:
1194 2390 1306 2411 coram
1319 2379 1365 2409 Ee
1379 2391 1385 2410 :
1409 2389 1520 2410 coram

195 2431 229 2458 et
246 2430 311 2458 cett.
335 2426 385 2468 (cf.
406 2426 437 2457 ii.
458 2426 512 2468 78)
657 2427 699 2456 26
723 2429 993 2457 convocaverunt
1010 2424 1098 2456 codd.
1115 2435 1121 2454 z
1146 2434 1222 2456 corr.
1242 2423 1382 2463 Madvzgr

1554 1125 1589 1156 ¹5

1551 1456 1590 1477 20

1548 1780 1587 1813 25
