1747 2620
197 116 225 153 9
251 122 287 152 23
612 106 668 142 M.
701 105 870 141 TVLLI
903 103 1210 142 CICERONIS

249 231 295 256 ex
330 217 508 255 doctrina
539 215 715 254 nobilem
751 223 789 254 et
825 217 983 261 clarum,
1021 214 1061 252 in
1095 215 1237 253 eodem
1272 213 1346 252 isto
1384 212 1580 264 Aegyptio

188 293 228 325 24
249 295 369 332 regno
389 282 526 332 aspide
553 282 604 320 ad
625 294 766 330 corpus
790 281 952 319 admota
981 279 1059 317 vita
1083 293 1169 318 esse
1196 278 1399 329 privatum.
1460 279 1580 316 Plane

248 348 441 386 confiteor
466 346 547 385 fieri
574 346 671 384 nihil
699 359 814 396 posse
835 345 1059 384 dementius
1080 358 1199 394 quam
1221 344 1408 383 scientem
1430 343 1469 382 in
1490 356 1580 382 eum

248 413 381 450 locum
402 412 533 450 venire
554 410 619 450 ubi
639 411 858 449 libertatem
881 410 932 448 sis
953 409 1185 460 perditurus.
1227 410 1304 448 Sed
1325 408 1439 446 huius
1461 407 1581 458 ipsius

249 476 340 515 sacti
363 476 567 515 stultitiam
588 475 664 514 alia
684 475 762 514 iam
784 475 960 525 superior
980 474 1143 513 stultitia
1163 473 1351 521 defendit,
1370 486 1470 524 quae
1491 474 1582 511 facit
1604 488 1619 517 5

250 549 293 580 ut
309 543 385 581 hoc
402 541 677 580 stultissimum
699 540 861 587 facinus,
878 541 987 590 quod
1004 539 1043 578 in
1065 553 1227 590 regnum
1245 538 1402 586 venerit,
1422 539 1530 588 quod
1546 551 1583 576 se

250 606 328 657 regi
346 606 595 653 commiserit,
613 605 809 656 sapienter
822 607 970 644 factum
985 619 1069 644 esse
1084 605 1270 652 videatur,
1287 604 1317 643 si
1331 603 1491 654 quidem
1507 617 1581 641 uon

251 679 330 710 tam
352 685 506 721 semper
536 670 642 709 stulti
664 685 783 721 quam
805 684 892 709 sero
912 670 1099 721 sapientis
1120 678 1188 717 est,
1212 683 1302 708 cum
1330 667 1492 707 stultitia
1513 682 1582 707 sua

186 754 226 785 25
250 736 463 788 impeditus
484 737 543 784 sit,
567 750 730 787 quoquo
758 737 879 775 modo
907 735 1030 786 possit
1052 749 1093 774 se
1114 735 1307 786 expedire.
1368 735 1498 783 Quam
1529 735 1580 773 ob

250 817 332 842 rem
363 804 459 842 illud
491 810 647 841 maneat
677 810 715 841 et
745 803 864 840 fixum
895 801 943 840 sit
973 803 1082 853 quod
1110 815 1239 852 neque
1274 800 1421 839 moveri
1452 814 1581 850 neque
1606 816 1643 838 10

250 869 389 908 mutari
421 877 578 920 potest3
612 869 651 907 in
684 882 764 919 quo
797 868 914 919 aequi
951 881 1127 919 sperasse
1163 870 1396 906 Postumum
1431 865 1579 913 dicunt,

249 948 435 984 peccasse
451 934 586 985 iniqui,
603 934 686 985 ipse
703 933 820 972 etiam
836 933 1026 972 insanisse
1042 948 1083 972 se
1100 934 1319 980 confitetur,
1336 932 1444 982 quod
1458 945 1580 979 suam,

250 1001 359 1049 quod
388 999 604 1038 amicorum
633 998 842 1050 pecuniam
871 998 950 1049 regi
981 998 1189 1038 crediderit
1219 1011 1309 1036 cum
1337 1004 1446 1035 tanto
1467 997 1583 1034 fortu-

250 1078 388 1102 narum
419 1061 576 1103 suarum
608 1064 797 1115 periculo,
817 1065 893 1103 hoc
922 1064 1084 1114 quidem
1111 1065 1233 1103 semel
1261 1070 1444 1112 suscepto
1464 1069 1582 1112 atque

250 1137 453 1169 contracto
474 1129 729 1181 perpetienda
756 1131 826 1168 illa
854 1131 1010 1168 fuerunt
1031 1137 1073 1168 ut
1094 1143 1136 1168 se
1167 1129 1382 1179 aliquando
1413 1141 1459 1166 ac
1490 1141 1582 1166 suos
1605 1143 1641 1175 15

250 1195 476 1234 vindicaret.
532 1197 672 1246 Itaque
693 1195 841 1234 obicias
862 1195 952 1234 licet
974 1209 1093 1246 quam
1115 1197 1222 1234 voles
1243 1209 1359 1246 saepe
1380 1194 1581 1245 palliatum

250 1260 379 1308 fuisse,
403 1261 534 1312 aliqua
560 1261 745 1301 habuisse
773 1275 853 1300 non
883 1261 1056 1300 Romani
1089 1260 1260 1300 hominis
1288 1259 1464 1311 insignia,
1488 1274 1582 1310 quo-

250 1327 350 1366 tiens
371 1341 507 1366 eorum
529 1326 731 1377 quippiam
753 1326 871 1373 dices,
896 1327 1040 1365 totiens
1067 1340 1190 1365 unum
1219 1326 1326 1365 dices
1346 1333 1465 1376 atque
1485 1326 1581 1363 idem

249 1392 357 1440 illud,
381 1400 526 1431 temere
557 1393 662 1431 hunc
694 1391 902 1442 pecuniam
933 1391 1011 1442 regi
1043 1391 1267 1439 credidisse,
1291 1404 1379 1429 suas
1407 1392 1580 1429 fortunas

189 1467 230 1502 26
248 1465 367 1508 atque
402 1459 545 1496 samam
580 1457 733 1496 libidini
764 1457 890 1508 regiae
922 1457 1177 1496 commisisse.
1239 1459 1399 1495 Fecerat
1420 1463 1577 1503 temere,
1601 1471 1641 1494 20

250 1524 372 1561 fateor
386 1537 396 1570 ,·
426 1522 565 1560 mutari
586 1524 733 1560 factum
755 1522 832 1560 iam
855 1524 963 1561 nullo
985 1524 1106 1561 modo
1127 1529 1279 1573 poterat
1296 1537 1306 1570 ;
1331 1529 1398 1560 aut
1418 1520 1579 1572 pallium

250 1589 489 1626 sumendum
522 1589 792 1627 Alexandreae
825 1594 866 1625 ut
897 1587 932 1626 ei
964 1589 1118 1626 Romae
1153 1595 1285 1638 togato
1317 1600 1402 1626 esse
1435 1586 1581 1634 liceret,

183 1667 230 1695 10
250 1660 317 1692 aut
338 1667 476 1692 omnes
504 1654 682 1692 fortunae
703 1653 946 1700 abiciendae,
974 1652 1005 1691 si
1027 1660 1157 1704 togam
1185 1652 1416 1691 retinuisset.
1477 1651 1581 1690 Deli-

250 1718 398 1757 ciarum
426 1732 543 1757 causa
570 1726 608 1757 et
638 1718 849 1769 voluptatis
873 1732 953 1757 non
977 1720 1097 1757 modo
1120 1723 1223 1756 notos
1244 1717 1337 1757 civis
1360 1719 1579 1763 Romanos,

249 1785 319 1823 sed
357 1790 395 1823 et
429 1783 572 1822 nobilis
611 1783 876 1823 adulescentis
917 1790 955 1821 et
989 1784 1184 1833 quosdam
1224 1782 1341 1821 etiam
1380 1789 1577 1821 senatores
1599 1797 1636 1830 25

248 1862 405 1888 summo
435 1850 523 1888 loco
553 1856 666 1888 natos
697 1863 777 1888 non
809 1848 848 1887 in
879 1847 1000 1887 hortis
1027 1855 1093 1887 aut
1120 1847 1356 1887 suburbanis
1386 1847 1475 1894 suis,
1509 1848 1578 1885 sed

188 1919 227 1955 27
249 1913 430 1965 Neapoli,
452 1914 492 1952 in
513 1914 769 1954 celeberrimo
801 1913 961 1965 oppido,
989 1913 1028 1952 in
1059 1913 1192 1953 tunica
1217 1914 1323 1964 pulla
1351 1926 1466 1963 saepe
1486 1913 1576 1960 vidi,

297 2029 309 2049 1
329 2023 361 2049 et
382 2017 507 2050 clarum
527 2030 592 2052 om.
606 2023 632 2050 Ω
738 2018 927 2060 Aegyptio]
945 2019 1095 2059 phalerio
1112 2018 1237 2058 ,up1qc12
1266 2017 1388 2049 Phario
1411 2017 1579 2048 Turnebus

249 2072 268 2101 4
293 2062 388 2093 istius
400 2062 487 2094 codd.
508 2075 515 2094 ε
539 2074 617 2095 corr.
640 2062 747 2094 Halm
883 2072 902 2101 5
926 2063 992 2094 alia
1010 2062 1173 2103 AIaclvzg:
1198 2062 1276 2092 mali
1296 2062 1418 2102 (maior
1433 2062 1467 2100 k)
1486 2061 1574 2092 codd.

249 2106 313 2136 iam
327 2106 374 2138 5‘:
401 2106 545 2137 iamiam
563 2110 630 2139 cett.
765 2108 785 2138 6
809 2116 846 2138 se
864 2107 903 2146 ς’,
925 2106 1032 2137 Halm
1050 2117 1057 2137 :
1082 2117 1147 2136 om.
1168 2109 1232 2136 cell.
1379 2116 1396 2144 7
1422 2116 1489 2135 non
1510 2104 1574 2135 cod.

248 2149 458 2180 Ilolomam‘:
484 2161 550 2182 om.
570 2151 635 2181 mci
773 2161 810 2189 14
835 2155 994 2190 suscepto
1013 2174 1019 2181 .
1039 2174 1046 2181 .
1067 2173 1074 2182 .
1096 2153 1268 2180 contracto
1283 2147 1379 2180 οῗεί-’ἶ
1398 2148 1456 2190 (οἳ)
1476 2160 1482 2179 ;
1507 2159 1577 2179 sus-

249 2199 384 2232 ceptum
402 2218 409 2225 .
431 2218 437 2224 .
460 2218 466 2225 .
486 2199 694 2225 contractum
714 2197 779 2225 cclt.
939 2204 976 2233 15
1003 2193 1058 2224 illa
1075 2194 1104 2232 lc,
1122 2192 1316 2232 Naugerius
1332 2193 1402 2232 (2):
1428 2202 1492 2222 om.
1511 2194 1575 2223 cell.

249 2247 286 2267 ac
309 2236 478 2268 Turnebus
495 2249 502 2268 ε
527 2238 568 2268 ad
585 2238 675 2269 codd.
840 2239 878 2267 18
904 2237 991 2267 idem
1009 2239 1114 2277 suppl.
1129 2236 1254 2266 Malle-r
1365 2246 1405 2265 22
1429 2236 1459 2265 ei
1476 2236 1496 2266 le
1513 2247 1519 2265 :
1544 2239 1577 2265 ct

249 2280 317 2318 (cst
335 2280 390 2321 ΩΙ)
407 2281 495 2312 codd.
635 2292 675 2320 24
700 2286 799 2312 notos
817 2280 965 2321 supplcvi
1117 2290 1157 2318 27
1183 2280 1213 2309 in
1233 2279 1342 2309 tunica
1364 2278 1453 2317 pulla
1468 2278 1584 2318 scripsi

249 2324 303 2362 (cf.
328 2324 416 2355 Vcrr.
439 2325 480 2355 iv.
502 2326 558 2365 54)
574 2336 581 2356 ε
605 2324 823 2365 maeciapella
839 2324 926 2356 codd.
944 2335 950 2355 :
979 2323 1010 2354 in
1029 2323 1192 2354 manicata
1211 2323 1297 2362 palla
1315 2322 1402 2353 Rct'd
1496 2321 1574 2361 vidi,

250 2366 371 2397 ibidem
391 2368 484 2398 multi
502 2368 651 2410 supplevi
