1747 2620
136 86 183 125 19
208 89 255 122 55⁴
577 73 635 114 M.
667 71 835 113 TVLLI
868 71 1175 114 CICERONIS

207 190 373 241 probare
393 189 447 228 eis
469 187 536 240 qui
557 189 679 228 modo
700 188 841 226 Latine
861 187 997 235 sciant,
1019 188 1059 225 in
1086 200 1166 225 uno
1194 188 1346 225 servolo
1367 185 1535 225 familiae.

207 269 354 295 nomen
389 269 470 294 non
502 257 658 294 valere?
715 253 754 293 Si
788 267 883 292 vero
915 267 965 293 ne
999 253 1146 291 habeas
1181 252 1342 302 quidem
1382 265 1533 291 servum

206 329 357 372 praeter
385 334 475 360 eurn
503 320 570 370 q-ui
599 334 662 359 me
690 318 885 366 deiecerit,
909 320 1055 357 clames
1082 317 1292 357 videlicet:
1321 316 1385 357 ‘Si
1406 319 1536 357 habeo

206 386 405 433 familiam,
428 400 451 424 a
482 385 628 423 familia
658 398 746 424 rnea
775 386 900 422 fateor
929 390 967 422 te
996 396 1082 422 esse
1112 383 1336 421 deiectum)
1393 384 1536 433 Neque

206 450 311 489 enirn
333 450 498 489 dubium
517 457 575 489 est
596 449 703 500 quin,
722 449 753 488 si
769 449 820 488 ad
836 462 917 487 rem
934 448 1188 487 iudicandam
1204 448 1324 487 verbo
1340 448 1533 495 ducimur,
1555 463 1573 495 5

206 530 287 554 non
314 529 365 563 re,
390 515 577 554 familiam
605 514 878 565 intellegamus
906 527 1007 564 quae
1035 521 1189 552 constet
1210 527 1256 552 ex
1283 512 1401 552 servis
1423 512 1538 564 pluri-

206 581 305 628 bus3
333 580 429 631 quin
459 594 560 618 unus
592 581 714 618 homo
744 578 890 617 familia
919 592 999 616 non
1031 578 1102 626 sit3
1133 578 1296 616 verbum
1327 585 1430 616 certe
1459 579 1537 616 hoc

144 653 185 693 56
206 660 286 684 non
308 647 430 684 modo
450 647 632 696 postulat,
655 645 724 683 sed
746 644 863 683 etiam
885 643 999 694 cogit,
1022 651 1061 682 at
1081 656 1172 682 vero
1194 642 1291 681 ratio
1312 642 1403 681 iuris
1424 642 1538 681 inter-

205 710 379 761 dictique
400 710 456 748 vis
478 717 516 749 et
538 718 761 760 praetorum
784 711 964 747 voluntas
986 716 1023 747 et
1047 708 1255 747 hominum
1282 707 1534 759 prudentium

205 776 413 814 consilium
448 783 485 814 et
517 774 911 825 auctoritasrrespuit
947 775 1049 812 hanc
1085 772 1356 812 defensionem
1393 780 1432 811 et
1465 785 1536 823 pro
1558 787 1597 809 10

133 854 187 883 20
206 840 330 879 nihilo
350 848 471 891 putat.
533 840 641 889 Quid
664 841 785 889 ergo?
824 839 885 877 isti
906 839 1088 877 homines
1111 838 1251 876 Latine
1271 852 1352 876 non
1372 839 1537 887 loquun-

205 908 298 945 tur?
357 908 489 945 Immo
515 920 607 945 vero
636 913 788 944 tantum
819 906 1035 955 loquuntur
1056 911 1248 954 quantum
1277 911 1335 942 est
1365 902 1457 941 satis
1485 902 1537 940 ad

204 972 509 1022 intellegendam
542 974 798 1018 voluntatem,
834 984 924 1009 cum
960 969 1034 1008 sibi
1069 970 1145 1007 hoc
1177 969 1451 1019 proposuerint
1481 975 1536 1015 ut,

203 1038 283 1076 sive
314 1052 377 1076 me
406 1045 448 1076 tu
479 1037 668 1077 deieceris
701 1037 780 1076 sive
811 1044 968 1074 tuorum
999 1035 1195 1085 quispiam
1225 1034 1306 1073 sive
1335 1047 1534 1073 servorum

203 1103 284 1142 sive
311 1102 539 1150 amicorum,
564 1117 695 1142 servos
727 1116 808 1141 non
839 1115 1004 1140 numero
1035 1100 1277 1152 distinguant
1307 1101 1376 1139 sed
1406 1101 1536 1151 appel-
1557 1114 1594 1147 15

144 1183 184 1218 57
203 1170 285 1207 lent
315 1182 397 1207 uno
425 1168 595 1207 familiae
625 1167 811 1215 nominej
849 1169 899 1206 de
929 1166 1060 1205 liberis
1090 1174 1222 1205 autem
1253 1166 1430 1217 quisquis
1463 1173 1533 1213 est,

204 1233 464 1290 procuratoris
496 1234 658 1272 nomine
687 1234 929 1284 appelletur3
968 1245 1049 1271 non
1080 1245 1160 1282 quo
1192 1245 1331 1270 omnes
1363 1231 1440 1270 sint
1469 1239 1537 1271 aut

203 1301 449 1352 appellentur
480 1301 751 1351 procuratores
783 1298 850 1350 qui
881 1297 1013 1349 negoti
1043 1297 1165 1337 nostri
1200 1297 1350 1348 aliquid
1388 1305 1534 1348 gerant,

203 1367 334 1406 sedin
355 1365 432 1405 hacv
450 1380 491 1405 re
504 1365 668 1417 cognita
689 1365 885 1407 sententia
906 1364 1102 1403 interdicti
1123 1365 1243 1403 verba
1263 1363 1456 1403 subtiliter
1474 1378 1536 1402 ex-

202 1430 301 1482 quiri
324 1431 457 1470 omnia
478 1433 700 1470 noluerunt.
761 1433 854 1470 Non
876 1429 981 1470 enirn
1002 1429 1077 1469 alia
1105 1443 1222 1469 causa
1242 1437 1300 1469 est
1327 1428 1534 1480 aequitatis
1556 1445 1596 1468 20

202 1496 242 1535 in
255 1495 351 1536 'uno'
364 1510 476 1536 servo
493 1496 592 1535 etin
614 1495 801 1548 pluribus,
820 1509 900 1535 non
921 1495 997 1534 alia
1014 1495 1111 1534 ratio
1132 1494 1224 1533 iuris
1240 1494 1280 1533 in
1301 1496 1378 1534 hoc
1393 1508 1536 1546 genere

202 1560 423 1618 dumtaxat&
451 1561 610 1600 utrum>
635 1575 704 1601 me
747 1569 836 1600 tuus
880 1568 1110 1612 procurator
1153 1559 1348 1614 deiecerit,
1383 1557 1434 1598 -is⁴
1469 1558 1536 1611 qui

202 1626 374 1679 legitime
397 1627 624 1679 procurator
644 1625 796 1683 dicitur,
821 1627 1000 1666 omnium
1022 1640 1150 1665 rerum
1168 1626 1250 1665 eius
1267 1625 1394 1676 quiin
1423 1621 1537 1665 Italia

201 1690 383 1732 non-sit
401 1691 561 1748 'absitve
578 1692 645 1732 rei
671 1690 867 1744 ‘publica-e
899 1706 1020 1732 ‘causa
1059 1689 1170 1742 quasi
1192 1689 1387 1743 iquida‘m'r
1404 1689 1535 1742 paene

202 1756 398 1805 dominus,
423 1757 601 1813 hocest7
617 1756 735 1797 alieni
767 1757 858 1796 iuris
881 1757 1056 1804 vicarius,
1079 1755 1130 1795 an
1159 1764 1247 1795 tuus
1276 1755 1443 1795 eolonus
1467 1754 1534 1795 aut
1556 1771 1597 1804 25

202 1823 353 1869 vicinus
373 1831 439 1862 aut
460 1823 582 1862 cliens
611 1831 677 1862 aut
705 1824 954 1871 libertusaut
975 1822 1103 1872 quivis
1124 1822 1190 1872 qui
1212 1822 1318 1860 illam
1335 1821 1413 1859 vim
1434 1821 1536 1860 deie-

143 1898 182 1938 58
203 1888 456 1939 ctionemque
486 1896 554 1926 tuo
582 1895 719 1938 rogatu
748 1896 815 1926 aut
843 1896 911 1926 tuo
933 1887 1094 1926 nornine
1116 1886 1260 1925 fecerit.
1321 1888 1411 1935 Qua
1431 1900 1481 1933 re,
1505 1886 1535 1923 si

202 1955 253 1993 ad
284 1968 374 1992 eum
400 1952 686 1992 restituendum
711 1952 778 2004 qui
802 1952 836 1991 vi
857 1952 1033 1991 deiectus
1054 1959 1112 1991 est
1129 1953 1297 1991 eandem
1318 1953 1396 1990 vim
1417 1951 1537 1990 habet

250 2069 262 2089 1
290 2059 444 2098 probaris
461 2059 515 2098 qui
541 2058 636 2089 TEa:
664 2058 797 2097 probari
814 2057 854 2088 iis
871 2057 926 2097 qui
944 2061 1008 2088 cell.
1026 2068 1033 2088 z
1058 2067 1134 2088 corr.
1156 2055 1273 2087 Baiter
1368 2056 1467 2086 modo
1489 2055 1532 2086 T:

202 2114 270 2133 om.
288 2107 353 2134 cell.
502 2113 521 2141 5
549 2105 637 2133 enim
661 2102 739 2133 TE:
764 2112 829 2132 om.
849 2105 914 2132 cell.
1059 2110 1075 2138 7
1101 2100 1198 2140 quin]
1218 2110 1292 2130 cum
1311 2098 1450 2131 Maller:
1475 2099 1532 2130 del.

203 2145 343 2186 Madvig
445 2147 582 2177 verbum
604 2145 769 2185 Angelius
785 2157 791 2175 :
816 2144 916 2175 verbo
936 2154 1013 2174 num
1031 2143 1119 2174 codd.
1222 2143 1285 2173 hoc
1304 2144 1403 2173 modo
1420 2153 1486 2174 non
1512 2142 1542 2173 T

202 2191 222 2220 8
252 2190 447 2228 postulabat
474 2191 503 2221 T
607 2200 646 2220 10
671 2194 808 2229 respuat
827 2212 834 2219 .
855 2211 862 2219 .
884 2211 891 2219 .
914 2192 1010 2227 putet
1027 2186 1113 2217 codd.
1133 2197 1141 2217 ε
1164 2197 1242 2218 corr.
1263 2186 1394 2226 Kayser
1498 2196 1536 2225 13

203 2234 254 2273 ut]
274 2238 308 2264 ut
326 2244 378 2264 me
398 2234 555 2264 restituas
573 2232 640 2264 cod.
659 2232 819 2262 Lambini
929 2240 966 2268 14
992 2241 1044 2261 me
1063 2230 1113 2270 tu]
1133 2235 1238 2260 tumet
1254 2229 1295 2259 M
1309 2240 1377 2270 mg.
1497 2238 1536 2268 15

203 2287 320 2308 servos
338 2277 445 2308 Faber
467 2288 475 2307 t
500 2282 535 2308 ut
554 2286 670 2307 servos
688 2275 775 2307 codd.
924 2275 963 2304 16
985 2274 1153 2313 quispiam
1171 2278 1221 2304 est
1245 2273 1273 2304 T
1417 2284 1452 2311 17
1478 2277 1535 2304 aut

203 2320 395 2362 Naugerius
413 2320 466 2361 (ι)
482 2330 487 2350 :
516 2325 552 2351 ut
563 2319 651 2351 codd.
748 2329 787 2358 19
810 2318 887 2359 sed]
906 2317 966 2349 sed
984 2317 1062 2357 quia
1079 2316 1269 2348 Lambinus
1366 2316 1536 2348 subtiliter

210 2362 301 2395 TEe:
327 2375 393 2395 om.
414 2367 480 2395 cett.
552 2372 592 2403 25
617 2374 658 2394 an
675 2362 705 2403 k,
723 2362 912 2403 Angelius:
937 2366 994 2392 aut
1011 2364 1075 2392 cell.
1154 2363 1197 2392 26
1222 2360 1490 2392 deiectionemve
1507 2360 1536 2391 ‘a‘
