1716 2662
489 60 550 98 IN
581 61 626 98 L.
657 61 907 100 PISONEM
940 60 1157 99 ORATIO
1442 71 1489 98 10
1512 75 1550 98 ετ

161 168 340 214 saltaret;
370 167 409 207 in
437 181 517 218 quo
541 182 631 207 cum
656 168 765 206 illum
796 169 1037 207 saltatorium
1063 176 1232 207 versaret
1262 169 1410 215 orbem,
1440 183 1490 207 ne

160 239 243 270 tum
281 233 444 283 quidem
484 235 662 272 fortunae
700 242 825 272 rotam
864 233 1177 284 pertimescebat.
1240 233 1320 271 Hic
1357 241 1489 272 autem

159 310 239 334 non
278 305 358 335 tam
397 298 614 336 concinnus
654 299 786 336 helluo
820 312 893 336 nec
933 306 1010 336 tam
1053 297 1224 336 musicus
1259 297 1412 336 iacebat
1450 297 1489 336 in

158 376 318 401 suorum
354 364 594 401 Graecorum
625 363 773 400 foetore
804 370 841 400 ct
871 376 1020 410 caeno,
1052 364 1161 412 quod
1192 362 1353 412 quidem
1380 362 1490 401 istius

122 445 138 474 5
159 426 197 465 in
228 427 300 465 illis
328 427 380 465 rei
408 427 589 478 publicae
606 427 775 465 luctibus
806 427 914 477 quasi
944 428 1105 477 aliquod
1138 427 1391 478 Lapitharum
1421 435 1490 466 aut

159 493 444 531 Centaurorum
481 491 703 530 convivium
738 492 956 540 ferebatur3
1005 491 1043 529 in
1083 506 1162 542 quo
1202 506 1320 531 nemo
1359 499 1489 542 potest

157 556 288 595 dicere
326 565 455 595 utrum
495 556 566 595 iste
601 558 688 608 plus
723 557 865 596 biberit
898 571 948 595 an
984 557 1176 595 vomuerit
1209 571 1259 595 an
1295 557 1484 596 effuderit.

157 623 273 661 Tune
310 621 427 660 etiam
467 621 710 660 mentionem
750 621 868 660 facies
908 624 1136 661 consulatus
1177 630 1243 660 aut
1288 629 1325 660 te
1368 622 1486 661 fuisse
1508 639 1546 670 23

158 689 312 726 Romae
341 689 544 726 consulem
572 689 702 726 dicere
728 687 925 726 audebis?
983 687 1121 736 Quid?
1150 695 1191 726 tu
1219 687 1258 725 in
1283 687 1486 726 lictoribus

100 767 139 789 10
158 760 195 791 et
213 752 251 790 in
269 761 358 803 toga
374 760 572 803 praetexta
587 767 673 791 esse
690 754 938 791 consulatum
961 761 1074 804 putas
1091 755 1106 791 ?
1136 767 1238 803 quae
1256 761 1487 792 ornamenta

157 818 273 857 etiam
296 818 334 856 in
355 819 438 857 SeX.
463 818 607 858 Clodio
622 827 659 857 te
674 820 837 857 consule
857 833 942 857 esse
962 818 1204 866 voluisti,his
1221 826 1274 865 tu,
1293 819 1486 858 Clodiane

156 884 273 930 canis,
298 883 514 934 insignibus
537 886 785 922 consulatum
813 884 999 923 declarari
1029 886 1171 934 putas?
1228 884 1375 922 Animo
1395 898 1488 924 con-

156 951 280 988 sulem
308 964 392 988 esse
423 957 587 1000 oportet,
610 949 787 991 consilio,
809 950 899 996 fide,
920 949 1117 1000 gravitate,
1145 949 1352 999 vigilantia,
1380 963 1484 997 cura,

157 1022 240 1052 toto
262 1014 433 1064 denique
461 1028 623 1053 munere
645 1016 871 1053 consulatus
899 1014 1006 1052 omni
1027 1014 1157 1052 officio
1182 1015 1346 1061 tuendo,
1370 1014 1487 1053 maxi<

99 1091 136 1122 15
157 1092 309 1129 meque,
341 1078 381 1117 id
411 1080 520 1129 quod
549 1079 605 1117 vis
635 1079 806 1117 nominis
841 1079 925 1129 ipsa
953 1079 1190 1129 praescribit,
1221 1079 1273 1117 rei
1305 1079 1487 1130 publicae

155 1146 412 1183 consulendo.
470 1147 534 1182 An
563 1158 637 1194 ego
671 1146 876 1183 consulem
916 1158 1001 1183 esse
1040 1153 1176 1195 putem
1204 1144 1272 1195 qui
1305 1153 1484 1183 senatum

155 1224 240 1249 esse
260 1210 299 1248 in
317 1224 355 1248 re
378 1210 536 1260 publica
557 1223 636 1248 non
658 1210 819 1260 putavit,
841 1218 880 1248 et
900 1210 985 1248 sine
1012 1224 1060 1249 eo
1087 1210 1253 1249 consilio
1281 1212 1483 1249 consulem

154 1290 369 1323 numerem,
392 1275 476 1314 sine
496 1290 576 1326 quo
599 1277 754 1314 Romae
774 1289 824 1314 ne
840 1290 948 1326 reges
966 1276 1127 1326 quidem
1142 1290 1228 1314 esse
1245 1277 1485 1326 potuerunt?

156 1342 313 1380 Etenim
336 1343 400 1379 illa
421 1341 497 1379 iam
519 1341 671 1379 omitto.
731 1342 835 1380 Cum
856 1355 1056 1379 servorum
1084 1341 1250 1380 dilectus
1278 1341 1486 1380 haberetur

96 1421 136 1442 20
155 1407 193 1445 in
217 1408 312 1453 foro,
334 1421 441 1445 arma
463 1406 500 1444 in
523 1408 713 1456 templum
737 1406 911 1445 Castoris
932 1407 1020 1445 luce
1050 1415 1087 1445 et
1118 1408 1247 1457 palam
1267 1414 1485 1456 comporta-

155 1480 296 1519 rentur,
323 1471 362 1510 id
391 1480 524 1510 autem
559 1473 751 1522 templum
779 1472 935 1510 sublato
969 1471 1079 1510 aditu
1109 1472 1268 1511 revolsis
1299 1472 1485 1522 gradibus

152 1552 175 1576 a
206 1537 498 1575 coniuratorum
529 1535 700 1586 reliquiis
733 1544 851 1586 atque
888 1550 911 1575 a
950 1536 1143 1576 Catilinae
1181 1537 1485 1588 praevaricatore

153 1603 367 1652 quondam,
391 1609 473 1640 tum
496 1603 631 1648 ultore,
654 1601 770 1640 armis
797 1609 1004 1649 teneretur,
1027 1615 1117 1640 cum
1139 1603 1290 1652 equites
1312 1602 1485 1641 Romani

156 1669 426 1717 relegarentur,
452 1666 520 1704 viri
551 1666 644 1705 boni
674 1667 870 1717 lapidibus
897 1681 919 1705 e
946 1669 1031 1705 foro
1058 1669 1303 1718 pellerentur,
1333 1667 1485 1706 senatui

97 1749 136 1782 25
158 1746 236 1771 non
272 1733 397 1770 solum
438 1731 567 1770 iuvare
607 1745 688 1770 rem
721 1732 920 1782 publicam
960 1734 1029 1771 sed
1068 1747 1118 1771 ne
1156 1734 1285 1783 lugere
1323 1734 1484 1784 quidem

157 1797 299 1844 liceret,
316 1811 407 1835 cum
423 1797 517 1835 civis
540 1797 569 1834 is
592 1810 709 1846 quem
728 1796 791 1835 hic
812 1799 910 1836 ordo
925 1798 1174 1837 adsentiente
1192 1799 1303 1837 Italia
1319 1799 1485 1838 cunctis-

205 1913 215 1932 1
246 1901 335 1932 illum
356 1901 406 1931 P:
438 1912 533 1933 suum
552 1901 641 1931 illum
660 1901 730 1940 Εεχ
749 1913 755 1931 z
792 1902 883 1932 ilium
902 1913 997 1933 suum
1017 1906 1081 1935 cell.
1206 1913 1247 1933 ne
1266 1908 1332 1933 tuin
1351 1903 1483 1942 quidem

157 1946 215 1976 l10c
231 1946 296 1975 loco
313 1945 383 1976 lmb.
402 1945 440 1982 P,
458 1949 531 1985 post
548 1945 580 1974 in
598 1955 664 1983 quo
682 1948 746 1975 cell.
893 1957 911 1984 4
938 1957 1070 1977 suorum
1090 1946 1127 1983 P,
1154 1946 1293 1977 Vrsinus
1309 1958 1316 1977 t
1339 1958 1399 1977 suo
1416 1951 1481 1978 cett.

158 1994 192 2019 ct
208 2000 313 2019 caeno
334 1988 410 2019 Cus.
426 2000 431 2020 :
459 1994 559 2027 atque
578 1988 656 2018 vino
674 1992 736 2018 cell.
755 1987 814 2027 (P,
962 1999 982 2028 5
1003 1990 1075 2020 aut?
1095 1995 1195 2029 atque
1212 1991 1325 2020 Baiter
1462 1992 1484 2020 6

158 2032 364 2073 convivium]
383 2032 568 2062 convivium
594 2037 684 2062 esset
703 2031 781 2062 Cus.
961 2034 981 2062 8
1005 2038 1084 2063 tune
1102 2033 1152 2064 P:
1190 2039 1246 2064 tun
1267 2032 1379 2064 Mssos:
1413 2038 1481 2064 tum

160 2077 210 2115 (tu
227 2077 269 2115 θ’)
287 2079 354 2106 cett.
447 2075 642 2106 consulatus
657 2075 706 2107 P:
733 2075 927 2107 consulatus
944 2077 990 2107 tui
1007 2080 1072 2108 cett.
1162 2087 1184 2117 9
1208 2078 1320 2107 dicere
1338 2087 1400 2108 om.
1422 2076 1482 2114 Μμ

161 2129 200 2150 10
223 2125 256 2150 et
282 2120 314 2149 in
343 2124 421 2158 toga
449 2119 632 2149 Garatoni:
658 2119 690 2149 in
712 2124 791 2157 toga
813 2125 846 2149 et
870 2119 959 2152 codd.
1134 2130 1166 2150 11
1196 2121 1248 2150 his
1273 2120 1482 2151 Lambinus:

157 2163 255 2193 huius
273 2162 360 2193 codd.
454 2162 618 2193 Clodiane
635 2162 718 2202 Lag.
744 2173 792 2201 12,
811 2161 1019 2195 Lambinus:
1045 2164 1201 2194 Clodiani
1219 2168 1283 2195 cell.
1379 2165 1483 2202 14—16

157 2207 334 2237 tuendo..
357 2230 362 2237 .
384 2206 603 2236 consulendo.
651 2206 704 2236 An
734 2205 791 2244 (K.
827 2217 868 2236 an
895 2206 934 2239 E.
962 2207 999 2246 νβ
1028 2207 1112 2239 Rab.
1136 2207 1227 2248 perd.
1259 2208 1294 2246 4)
1320 2206 1389 2237 Ee:
1413 2217 1478 2239 om.

156 2253 221 2281 cell.
376 2260 413 2288 19
441 2248 583 2288 etenim]
609 2250 669 2280 sed
694 2250 782 2279 enim
809 2248 987 2280 Lehmann
1154 2262 1195 2282 20
1229 2251 1387 2291 templum
1414 2249 1481 2280 Ee:

157 2294 282 2333 templo
300 2296 364 2324 cell,
457 2293 530 2323 lucc
548 2292 597 2332 ct]
616 2292 690 2323 luce
715 2304 723 2323 1
746 2293 819 2326 det..
842 2293 1004 2325 Garatoni
1090 2304 1126 2326 21
1156 2294 1246 2325 adito
1267 2295 1352 2333 Miri<
1441 2304 1480 2334 24

157 2338 389 2377 relegarentur
406 2335 514 2368 M2‘21’:
540 2337 759 2375 religati-entur
776 2341 839 2368 (cll.
