<?xml version="1.0" encoding="UTF-8"?>
<!DOCTYPE html PUBLIC "-//W3C//DTD XHTML 1.0 Transitional//EN"
    "http://www.w3.org/TR/xhtml1/DTD/xhtml1-transitional.dtd">
<html xmlns="http://www.w3.org/1999/xhtml" xml:lang="en" lang="en">
 <head>
  <title>
</title>
<meta http-equiv="Content-Type" content="text/html;charset=utf-8" />
  <meta name='ocr-system' content='tesseract 3.04.00' />
  <meta name='ocr-capabilities' content='ocr_page ocr_carea ocr_par ocr_line ocrx_word'/>
</head>
<body>
  <div class='ocr_page' id='page_1' title='image "./orationesrecogno04ciceuoft/orationesrecogno04ciceuoft_0281.png"; bbox 0 0 1716 2662; ppageno 0'>
   <div class='ocr_carea' id='block_1_1' title="bbox 500 101 1540 148">
    <p class='ocr_par' dir='ltr' id='par_1_1' title="bbox 500 101 1540 148">
     <span class='ocr_line' id='line_1_1' title="bbox 500 101 1540 148; baseline -0.003 -7"><span class='ocrx_word' id='word_1_1' title='bbox 500 103 559 141; x_wconf 95' lang='lat' dir='ltr'><strong>IN</strong></span> <span class='ocrx_word' id='word_1_2' title='bbox 591 102 635 140; x_wconf 96' lang='lat' dir='ltr'><strong>L.</strong></span> <span class='ocrx_word' id='word_1_3' title='bbox 670 102 918 140; x_wconf 71' lang='lat' dir='ltr'>PISONEM</span> <span class='ocrx_word' id='word_1_4' title='bbox 951 101 1169 139; x_wconf 65' lang='lat' dir='ltr'>ORATIO</span> <span class='ocrx_word' id='word_1_5' title='bbox 1476 111 1500 139; x_wconf 87' lang='lat'><em>2</em></span> <span class='ocrx_word' id='word_1_6' title='bbox 1521 115 1540 148; x_wconf 84' lang='lat'>5</span> 
     </span>
    </p>
   </div>
   <div class='ocr_carea' id='block_1_2' title="bbox 116 209 1547 2018">
    <p class='ocr_par' dir='ltr' id='par_1_2' title="bbox 116 209 1547 2018">
     <span class='ocr_line' id='line_1_2' title="bbox 175 209 1501 263; baseline -0.001 -12"><span class='ocrx_word' id='word_1_7' title='bbox 175 212 311 252; x_wconf 88' lang='lat' dir='ltr'><strong>tientia</strong></span> <span class='ocrx_word' id='word_1_8' title='bbox 358 219 476 263; x_wconf 88' lang='lat' dir='ltr'><strong>atque</strong></span> <span class='ocrx_word' id='word_1_9' title='bbox 515 210 707 261; x_wconf 84' lang='lat' dir='ltr'><strong>obsequio</strong></span> <span class='ocrx_word' id='word_1_10' title='bbox 747 224 836 249; x_wconf 85' lang='lat' dir='ltr'><strong>meo</strong></span> <span class='ocrx_word' id='word_1_11' title='bbox 882 209 1066 260; x_wconf 82' lang='lat' dir='ltr'><strong>mitigavi.</strong></span> <span class='ocrx_word' id='word_1_12' title='bbox 1127 211 1212 260; x_wconf 84' lang='lat' dir='ltr'><strong>Ego</strong></span> <span class='ocrx_word' id='word_1_13' title='bbox 1261 209 1501 261; x_wconf 87' lang='lat' dir='ltr'><strong>provinciam</strong></span> 
     </span>
     <span class='ocr_line' id='line_1_3' title="bbox 175 275 1501 326; baseline -0.003 -9"><span class='ocrx_word' id='word_1_14' title='bbox 175 278 345 317; x_wconf 84' lang='lat' dir='ltr'><strong>Galliam</strong></span> <span class='ocrx_word' id='word_1_15' title='bbox 376 285 532 317; x_wconf 85' lang='lat' dir='ltr'><strong>senatus</strong></span> <span class='ocrx_word' id='word_1_16' title='bbox 554 277 784 316; x_wconf 89' lang='lat' dir='ltr'><strong>auctoritate</strong></span> <span class='ocrx_word' id='word_1_17' title='bbox 805 276 976 315; x_wconf 83' lang='lat' dir='ltr'><strong>exercitu</strong></span> <span class='ocrx_word' id='word_1_18' title='bbox 1007 283 1044 314; x_wconf 88' lang='lat' dir='ltr'><strong>et</strong></span> <span class='ocrx_word' id='word_1_19' title='bbox 1074 275 1242 326; x_wconf 87' lang='lat' dir='ltr'><strong>pecunia</strong></span> <span class='ocrx_word' id='word_1_20' title='bbox 1273 275 1501 314; x_wconf 84' lang='lat' dir='ltr'><strong>instructam</strong></span> 
     </span>
     <span class='ocr_line' id='line_1_4' title="bbox 175 337 1503 390; baseline -0.002 -12"><span class='ocrx_word' id='word_1_21' title='bbox 175 348 213 378; x_wconf 89' lang='lat' dir='ltr'><strong>et</strong></span> <span class='ocrx_word' id='word_1_22' title='bbox 234 348 422 387; x_wconf 89' lang='lat' dir='ltr'><strong>ornatam,</strong></span> <span class='ocrx_word' id='word_1_23' title='bbox 447 353 564 390; x_wconf 86' lang='lat' dir='ltr'><strong>quarn</strong></span> <span class='ocrx_word' id='word_1_24' title='bbox 586 353 676 378; x_wconf 90' lang='lat' dir='ltr'><strong>cum</strong></span> <span class='ocrx_word' id='word_1_25' title='bbox 699 338 876 378; x_wconf 91' lang='lat' dir='ltr'><strong>Antonio</strong></span> <span class='ocrx_word' id='word_1_26' title='bbox 896 337 1148 385; x_wconf 81' lang='lat' dir='ltr'><strong>commutavi,</strong></span> <span class='ocrx_word' id='word_1_27' title='bbox 1171 339 1279 388; x_wconf 87' lang='lat' dir='ltr'><strong>quod</strong></span> <span class='ocrx_word' id='word_1_28' title='bbox 1302 337 1353 376; x_wconf 87' lang='lat' dir='ltr'><strong>ita</strong></span> <span class='ocrx_word' id='word_1_29' title='bbox 1378 337 1503 376; x_wconf 85' lang='lat' dir='ltr'><strong>existi-</strong></span> 
     </span>
     <span class='ocr_line' id='line_1_5' title="bbox 175 401 1503 454; baseline -0.002 -11"><span class='ocrx_word' id='word_1_30' title='bbox 175 405 332 443; x_wconf 82' lang='lat' dir='ltr'><strong>mabam</strong></span> <span class='ocrx_word' id='word_1_31' title='bbox 363 413 540 454; x_wconf 88' lang='lat' dir='ltr'><strong>tempora</strong></span> <span class='ocrx_word' id='word_1_32' title='bbox 578 403 632 442; x_wconf 90' lang='lat' dir='ltr'><strong>rei</strong></span> <span class='ocrx_word' id='word_1_33' title='bbox 671 403 853 454; x_wconf 87' lang='lat' dir='ltr'><strong>publicae</strong></span> <span class='ocrx_word' id='word_1_34' title='bbox 893 405 1000 450; x_wconf 86' lang='lat' dir='ltr'><strong>ferre,</strong></span> <span class='ocrx_word' id='word_1_35' title='bbox 1032 403 1071 440; x_wconf 90' lang='lat' dir='ltr'><strong>in</strong></span> <span class='ocrx_word' id='word_1_36' title='bbox 1111 402 1298 441; x_wconf 89' lang='lat' dir='ltr'><strong>contione</strong></span> <span class='ocrx_word' id='word_1_37' title='bbox 1337 401 1503 453; x_wconf 90' lang='lat' dir='ltr'><strong>deposui</strong></span> 
     </span>
     <span class='ocr_line' id='line_1_6' title="bbox 137 467 1502 520; baseline -0.001 -12"><span class='ocrx_word' id='word_1_38' title='bbox 137 486 154 518; x_wconf 87' lang='lat'>5</span> <span class='ocrx_word' id='word_1_39' title='bbox 174 472 411 509; x_wconf 81' lang='lat' dir='ltr'><strong>reclamante</strong></span> <span class='ocrx_word' id='word_1_40' title='bbox 450 471 597 520; x_wconf 91' lang='lat' dir='ltr'><strong>populo</strong></span> <span class='ocrx_word' id='word_1_41' title='bbox 636 471 829 507; x_wconf 85' lang='lat' dir='ltr'><strong>R&#39;omano.</strong></span> <span class='ocrx_word' id='word_1_42' title='bbox 891 470 975 518; x_wconf 82' lang='lat' dir='ltr'><strong>Ego</strong></span> <span class='ocrx_word' id='word_1_43' title='bbox 1011 470 1054 506; x_wconf 89' lang='lat' dir='ltr'><strong>L.</strong></span> <span class='ocrx_word' id='word_1_44' title='bbox 1088 467 1298 507; x_wconf 84' lang='lat' dir='ltr'><strong>Catilinam</strong></span> <span class='ocrx_word' id='word_1_45' title='bbox 1338 469 1502 507; x_wconf 88' lang='lat' dir='ltr'><strong>caedem</strong></span> 
     </span>
     <span class='ocr_line' id='line_1_7' title="bbox 175 533 1501 584; baseline -0.002 -11"><span class='ocrx_word' id='word_1_46' title='bbox 175 543 342 581; x_wconf 84' lang='lat' dir='ltr'><strong>senatus,</strong></span> <span class='ocrx_word' id='word_1_47' title='bbox 366 534 564 572; x_wconf 84' lang='lat' dir='ltr'><strong>interitum</strong></span> <span class='ocrx_word' id='word_1_48' title='bbox 587 533 691 572; x_wconf 90' lang='lat' dir='ltr'><strong>urbis</strong></span> <span class='ocrx_word' id='word_1_49' title='bbox 713 547 793 572; x_wconf 91' lang='lat' dir='ltr'><strong>non</strong></span> <span class='ocrx_word' id='word_1_50' title='bbox 819 534 986 572; x_wconf 81' lang='lat' dir='ltr'><strong>obscure</strong></span> <span class='ocrx_word' id='word_1_51' title='bbox 1016 534 1086 572; x_wconf 85' lang='lat' dir='ltr'><strong>sed</strong></span> <span class='ocrx_word' id='word_1_52' title='bbox 1113 535 1242 584; x_wconf 90' lang='lat' dir='ltr'><strong>palam</strong></span> <span class='ocrx_word' id='word_1_53' title='bbox 1274 533 1501 572; x_wconf 88' lang='lat' dir='ltr'><strong>molientem</strong></span> 
     </span>
     <span class='ocr_line' id='line_1_8' title="bbox 175 598 1504 650; baseline -0.002 -12"><span class='ocrx_word' id='word_1_54' title='bbox 175 600 304 650; x_wconf 81' lang='lat' dir='ltr'><strong>egredi</strong></span> <span class='ocrx_word' id='word_1_55' title='bbox 327 613 373 638; x_wconf 80' lang='lat' dir='ltr'><strong>ex</strong></span> <span class='ocrx_word' id='word_1_56' title='bbox 393 600 489 638; x_wconf 87' lang='lat' dir='ltr'><strong>urbe</strong></span> <span class='ocrx_word' id='word_1_57' title='bbox 515 598 606 637; x_wconf 90' lang='lat' dir='ltr'><strong>iussi</strong></span> <span class='ocrx_word' id='word_1_58' title='bbox 628 607 680 645; x_wconf 92' lang='lat' dir='ltr'><strong>ut,</strong></span> <span class='ocrx_word' id='word_1_59' title='bbox 703 612 725 636; x_wconf 81' lang='lat' dir='ltr'><strong>a</strong></span> <span class='ocrx_word' id='word_1_60' title='bbox 747 612 826 649; x_wconf 89' lang='lat' dir='ltr'><strong>quo</strong></span> <span class='ocrx_word' id='word_1_61' title='bbox 856 598 1006 648; x_wconf 85' lang='lat' dir='ltr'><strong>legibus</strong></span> <span class='ocrx_word' id='word_1_62' title='bbox 1034 612 1114 636; x_wconf 89' lang='lat' dir='ltr'><strong>non</strong></span> <span class='ocrx_word' id='word_1_63' title='bbox 1141 606 1377 648; x_wconf 84' lang='lat' dir='ltr'><strong>poteramus,</strong></span> <span class='ocrx_word' id='word_1_64' title='bbox 1400 611 1504 637; x_wconf 88' lang='lat' dir='ltr'><strong>moe-</strong></span> 
     </span>
     <span class='ocr_line' id='line_1_9' title="bbox 176 665 1504 715; baseline -0.001 -12"><span class='ocrx_word' id='word_1_65' title='bbox 176 665 292 703; x_wconf 84' lang='lat' dir='ltr'><strong>nibus</strong></span> <span class='ocrx_word' id='word_1_66' title='bbox 314 665 384 703; x_wconf 93' lang='lat' dir='ltr'><strong>tuti</strong></span> <span class='ocrx_word' id='word_1_67' title='bbox 416 678 500 703; x_wconf 83' lang='lat' dir='ltr'><strong>esse</strong></span> <span class='ocrx_word' id='word_1_68' title='bbox 528 678 744 715; x_wconf 85' lang='lat' dir='ltr'><strong>possemus.</strong></span> <span class='ocrx_word' id='word_1_69' title='bbox 809 665 893 714; x_wconf 81' lang='lat' dir='ltr'><strong>Ego</strong></span> <span class='ocrx_word' id='word_1_70' title='bbox 915 665 992 702; x_wconf 87' lang='lat' dir='ltr'><strong>tela</strong></span> <span class='ocrx_word' id='word_1_71' title='bbox 1012 670 1186 702; x_wconf 86' lang='lat' dir='ltr'><strong>extremo</strong></span> <span class='ocrx_word' id='word_1_72' title='bbox 1209 677 1344 702; x_wconf 86' lang='lat' dir='ltr'><strong>mense</strong></span> <span class='ocrx_word' id='word_1_73' title='bbox 1365 676 1504 702; x_wconf 91' lang='lat' dir='ltr'><strong>consu-</strong></span> 
     </span>
     <span class='ocr_line' id='line_1_10' title="bbox 176 728 1502 780; baseline -0.001 -12"><span class='ocrx_word' id='word_1_74' title='bbox 176 732 274 768; x_wconf 85' lang='lat' dir='ltr'><strong>latus</strong></span> <span class='ocrx_word' id='word_1_75' title='bbox 306 731 381 768; x_wconf 91' lang='lat' dir='ltr'><strong>mei</strong></span> <span class='ocrx_word' id='word_1_76' title='bbox 413 732 562 768; x_wconf 83' lang='lat' dir='ltr'><strong>intenta</strong></span> <span class='ocrx_word' id='word_1_77' title='bbox 592 729 732 780; x_wconf 85' lang='lat' dir='ltr'><strong>iugulis</strong></span> <span class='ocrx_word' id='word_1_78' title='bbox 755 728 921 767; x_wconf 85' lang='lat' dir='ltr'><strong>civitatis</strong></span> <span class='ocrx_word' id='word_1_79' title='bbox 946 730 996 767; x_wconf 91' lang='lat' dir='ltr'><strong>de</strong></span> <span class='ocrx_word' id='word_1_80' title='bbox 1023 728 1317 767; x_wconf 87' lang='lat' dir='ltr'><strong>coniuratorum</strong></span> <span class='ocrx_word' id='word_1_81' title='bbox 1348 728 1502 767; x_wconf 86' lang='lat' dir='ltr'><strong>nefariis</strong></span> 
     </span>
     <span class='ocr_line' id='line_1_11' title="bbox 122 793 1503 845; baseline -0.001 -11"><span class='ocrx_word' id='word_1_82' title='bbox 122 813 159 835; x_wconf 92' lang='lat'><strong>10</strong></span> <span class='ocrx_word' id='word_1_83' title='bbox 177 795 358 833; x_wconf 86' lang='lat' dir='ltr'><strong>manibus</strong></span> <span class='ocrx_word' id='word_1_84' title='bbox 389 794 540 833; x_wconf 82' lang='lat' dir='ltr'><strong>extorsi.</strong></span> <span class='ocrx_word' id='word_1_85' title='bbox 603 797 687 845; x_wconf 85' lang='lat' dir='ltr'><strong>Ego</strong></span> <span class='ocrx_word' id='word_1_86' title='bbox 717 796 820 833; x_wconf 90' lang='lat' dir='ltr'><strong>faces</strong></span> <span class='ocrx_word' id='word_1_87' title='bbox 853 794 929 832; x_wconf 83' lang='lat' dir='ltr'><strong>iam</strong></span> <span class='ocrx_word' id='word_1_88' title='bbox 955 808 1140 833; x_wconf 86' lang='lat' dir='ltr'><strong>accensas</strong></span> <span class='ocrx_word' id='word_1_89' title='bbox 1168 796 1218 833; x_wconf 90' lang='lat' dir='ltr'><strong>ad</strong></span> <span class='ocrx_word' id='word_1_90' title='bbox 1250 794 1366 832; x_wconf 92' lang='lat' dir='ltr'><strong>huius</strong></span> <span class='ocrx_word' id='word_1_91' title='bbox 1397 793 1503 832; x_wconf 88' lang='lat' dir='ltr'><strong>urbis</strong></span> 
     </span>
     <span class='ocr_line' id='line_1_12' title="bbox 175 850 1547 931; baseline -0.001 -33"><span class='ocrx_word' id='word_1_92' title='bbox 175 860 403 898; x_wconf 87' lang='lat' dir='ltr'><strong>incendium</strong></span> <span class='ocrx_word' id='word_1_93' title='bbox 425 859 723 909; x_wconf 77' lang='lat' dir='ltr'><strong>comprehendi,</strong></span> <span class='ocrx_word' id='word_1_94' title='bbox 740 859 894 910; x_wconf 88' lang='lat' dir='ltr'><strong>protuli,</strong></span> <span class='ocrx_word' id='word_1_95' title='bbox 927 858 1102 898; x_wconf 79' lang='lat' dir='ltr'><strong>exstinxi.</strong></span> <span class='ocrx_word' id='word_1_96' title='bbox 1164 861 1233 898; x_wconf 84' lang='lat' dir='ltr'><strong>Me</strong></span> <span class='ocrx_word' id='word_1_97' title='bbox 1255 861 1304 908; x_wconf 82' lang='lat' dir='ltr'><strong>Q.</strong></span> <span class='ocrx_word' id='word_1_98' title='bbox 1325 860 1499 906; x_wconf 87' lang='lat' dir='ltr'><strong>Catulus,</strong></span> <span class='ocrx_word' id='word_1_99' title='bbox 1522 850 1547 931; x_wconf 64' lang='grc' dir='ltr'>แผ</span> 
     </span>
     <span class='ocr_line' id='line_1_13' title="bbox 175 924 1502 976; baseline -0.001 -13"><span class='ocrx_word' id='word_1_100' title='bbox 175 925 356 976; x_wconf 86' lang='lat' dir='ltr'><strong>princeps</strong></span> <span class='ocrx_word' id='word_1_101' title='bbox 388 925 502 963; x_wconf 87' lang='lat' dir='ltr'><strong>huius</strong></span> <span class='ocrx_word' id='word_1_102' title='bbox 533 925 679 963; x_wconf 86' lang='lat' dir='ltr'><strong>ordinis</strong></span> <span class='ocrx_word' id='word_1_103' title='bbox 701 932 739 963; x_wconf 90' lang='lat' dir='ltr'><strong>et</strong></span> <span class='ocrx_word' id='word_1_104' title='bbox 768 932 904 963; x_wconf 87' lang='lat' dir='ltr'><strong>auctor</strong></span> <span class='ocrx_word' id='word_1_105' title='bbox 932 924 1079 974; x_wconf 88' lang='lat' dir='ltr'><strong>publici</strong></span> <span class='ocrx_word' id='word_1_106' title='bbox 1101 924 1251 972; x_wconf 88' lang='lat' dir='ltr'><strong>consili,</strong></span> <span class='ocrx_word' id='word_1_107' title='bbox 1275 924 1502 974; x_wconf 85' lang='lat' dir='ltr'><strong>frequentis-</strong></span> 
     </span>
     <span class='ocr_line' id='line_1_14' title="bbox 174 989 1504 1040; baseline -0.001 -12"><span class='ocrx_word' id='word_1_108' title='bbox 174 990 275 1028; x_wconf 89' lang='lat' dir='ltr'><strong>simo</strong></span> <span class='ocrx_word' id='word_1_109' title='bbox 310 998 446 1028; x_wconf 83' lang='lat' dir='ltr'><strong>senatu</strong></span> <span class='ocrx_word' id='word_1_110' title='bbox 482 998 683 1040; x_wconf 86' lang='lat' dir='ltr'><strong>parentem</strong></span> <span class='ocrx_word' id='word_1_111' title='bbox 724 989 870 1040; x_wconf 84' lang='lat' dir='ltr'><strong>patriae</strong></span> <span class='ocrx_word' id='word_1_112' title='bbox 910 989 1139 1027; x_wconf 82' lang='lat' dir='ltr'><strong>nominavit.</strong></span> <span class='ocrx_word' id='word_1_113' title='bbox 1214 989 1315 1028; x_wconf 83' lang='lat' dir='ltr'><strong>Mihi</strong></span> <span class='ocrx_word' id='word_1_114' title='bbox 1350 989 1413 1028; x_wconf 91' lang='lat' dir='ltr'><strong>hic</strong></span> <span class='ocrx_word' id='word_1_115' title='bbox 1448 989 1504 1028; x_wconf 89' lang='lat' dir='ltr'><strong>vir</strong></span> 
     </span>
     <span class='ocr_line' id='line_1_15' title="bbox 174 1054 1504 1105; baseline 0.001 -13"><span class='ocrx_word' id='word_1_116' title='bbox 174 1055 409 1093; x_wconf 86' lang='lat' dir='ltr'><strong>clarissimus</strong></span> <span class='ocrx_word' id='word_1_117' title='bbox 430 1054 497 1105; x_wconf 86' lang='lat' dir='ltr'><strong>qui</strong></span> <span class='ocrx_word' id='word_1_118' title='bbox 523 1062 681 1105; x_wconf 87' lang='lat' dir='ltr'><strong>propter</strong></span> <span class='ocrx_word' id='word_1_119' title='bbox 707 1062 745 1093; x_wconf 89' lang='lat' dir='ltr'><strong>te</strong></span> <span class='ocrx_word' id='word_1_120' title='bbox 772 1056 893 1101; x_wconf 86' lang='lat' dir='ltr'><strong>sedet,</strong></span> <span class='ocrx_word' id='word_1_121' title='bbox 918 1056 960 1092; x_wconf 90' lang='lat' dir='ltr'><strong>L.</strong></span> <span class='ocrx_word' id='word_1_122' title='bbox 985 1054 1146 1101; x_wconf 87' lang='lat' dir='ltr'><strong>Gellius,</strong></span> <span class='ocrx_word' id='word_1_123' title='bbox 1171 1054 1230 1093; x_wconf 91' lang='lat' dir='ltr'><strong>his</strong></span> <span class='ocrx_word' id='word_1_124' title='bbox 1251 1054 1504 1093; x_wconf 88' lang='lat' dir='ltr'><strong>audientibus</strong></span> 
     </span>
     <span class='ocr_line' id='line_1_16' title="bbox 122 1119 1505 1170; baseline -0.001 -11"><span class='ocrx_word' id='word_1_125' title='bbox 122 1139 154 1170; x_wconf 86' lang='lat'><strong>ยน5</strong></span> <span class='ocrx_word' id='word_1_126' title='bbox 177 1119 342 1158; x_wconf 78' lang='lat' dir='ltr'><strong>civicam</strong></span> <span class='ocrx_word' id='word_1_127' title='bbox 364 1133 551 1158; x_wconf 87' lang='lat' dir='ltr'><strong>coronam</strong></span> <span class='ocrx_word' id='word_1_128' title='bbox 573 1119 708 1158; x_wconf 86' lang='lat' dir='ltr'><strong>deberi</strong></span> <span class='ocrx_word' id='word_1_129' title='bbox 730 1133 752 1158; x_wconf 88' lang='lat' dir='ltr'><strong>a</strong></span> <span class='ocrx_word' id='word_1_130' title='bbox 774 1133 812 1158; x_wconf 90' lang='lat' dir='ltr'><strong>re</strong></span> <span class='ocrx_word' id='word_1_131' title='bbox 834 1119 991 1169; x_wconf 87' lang='lat' dir='ltr'><strong>publica</strong></span> <span class='ocrx_word' id='word_1_132' title='bbox 1012 1119 1121 1158; x_wconf 81' lang='lat' dir='ltr'><strong>dixit.</strong></span> <span class='ocrx_word' id='word_1_133' title='bbox 1172 1119 1273 1157; x_wconf 85' lang='lat' dir='ltr'><strong>Mihi</strong></span> <span class='ocrx_word' id='word_1_134' title='bbox 1295 1127 1427 1169; x_wconf 80' lang='lat' dir='ltr'><strong>togato</strong></span> <span class='ocrx_word' id='word_1_135' title='bbox 1450 1134 1505 1159; x_wconf 82' lang='lat' dir='ltr'><strong>se-</strong></span> 
     </span>
     <span class='ocr_line' id='line_1_17' title="bbox 174 1184 1505 1234; baseline 0.001 -12"><span class='ocrx_word' id='word_1_136' title='bbox 174 1192 288 1223; x_wconf 86' lang='lat' dir='ltr'><strong>natus</strong></span> <span class='ocrx_word' id='word_1_137' title='bbox 309 1198 389 1223; x_wconf 90' lang='lat' dir='ltr'><strong>non</strong></span> <span class='ocrx_word' id='word_1_138' title='bbox 411 1192 453 1223; x_wconf 91' lang='lat' dir='ltr'><strong>ut</strong></span> <span class='ocrx_word' id='word_1_139' title='bbox 474 1184 604 1222; x_wconf 88' lang='lat' dir='ltr'><strong>multis</strong></span> <span class='ocrx_word' id='word_1_140' title='bbox 628 1185 728 1223; x_wconf 87' lang='lat' dir='ltr'><strong>bene</strong></span> <span class='ocrx_word' id='word_1_141' title='bbox 748 1192 866 1234; x_wconf 77' lang='lat' dir='ltr'><strong>gesta,</strong></span> <span class='ocrx_word' id='word_1_142' title='bbox 891 1185 961 1223; x_wconf 88' lang='lat' dir='ltr'><strong>sed</strong></span> <span class='ocrx_word' id='word_1_143' title='bbox 982 1192 1024 1222; x_wconf 88' lang='lat' dir='ltr'><strong>ut</strong></span> <span class='ocrx_word' id='word_1_144' title='bbox 1046 1184 1194 1223; x_wconf 86' lang='lat' dir='ltr'><strong>nemini</strong></span> <span class='ocrx_word' id='word_1_145' title='bbox 1216 1193 1444 1224; x_wconf 84' lang='lat' dir='ltr'><strong>conservata</strong></span> <span class='ocrx_word' id='word_1_146' title='bbox 1465 1200 1505 1224; x_wconf 88' lang='lat' dir='ltr'><strong>re</strong></span> 
     </span>
     <span class='ocr_line' id='line_1_18' title="bbox 173 1249 1503 1301; baseline 0.001 -14"><span class='ocrx_word' id='word_1_147' title='bbox 173 1250 341 1301; x_wconf 87' lang='lat' dir='ltr'><strong>publica,</strong></span> <span class='ocrx_word' id='word_1_148' title='bbox 362 1250 544 1300; x_wconf 82' lang='lat' dir='ltr'><strong>singulari</strong></span> <span class='ocrx_word' id='word_1_149' title='bbox 560 1263 703 1301; x_wconf 86' lang='lat' dir='ltr'><strong>genere</strong></span> <span class='ocrx_word' id='word_1_150' title='bbox 725 1249 1023 1300; x_wconf 89' lang='lat' dir='ltr'><strong>supplicationis</strong></span> <span class='ocrx_word' id='word_1_151' title='bbox 1040 1251 1205 1288; x_wconf 88' lang='lat' dir='ltr'><strong>deorum</strong></span> <span class='ocrx_word' id='word_1_152' title='bbox 1223 1250 1503 1289; x_wconf 88' lang='lat' dir='ltr'><strong>immortalium</strong></span> 
     </span>
     <span class='ocr_line' id='line_1_19' title="bbox 174 1314 1503 1366; baseline 0.002 -13"><span class='ocrx_word' id='word_1_153' title='bbox 174 1317 320 1366; x_wconf 88' lang='lat' dir='ltr'><strong>templa</strong></span> <span class='ocrx_word' id='word_1_154' title='bbox 349 1316 543 1366; x_wconf 87' lang='lat' dir='ltr'><strong>patefecit.</strong></span> <span class='ocrx_word' id='word_1_155' title='bbox 604 1317 689 1365; x_wconf 83' lang='lat' dir='ltr'><strong>Ego</strong></span> <span class='ocrx_word' id='word_1_156' title='bbox 719 1329 810 1353; x_wconf 88' lang='lat' dir='ltr'><strong>cum</strong></span> <span class='ocrx_word' id='word_1_157' title='bbox 840 1315 879 1353; x_wconf 90' lang='lat' dir='ltr'><strong>in</strong></span> <span class='ocrx_word' id='word_1_158' title='bbox 910 1314 1096 1363; x_wconf 81' lang='lat' dir='ltr'><strong>contione</strong></span> <span class='ocrx_word' id='word_1_159' title='bbox 1116 1314 1252 1354; x_wconf 88' lang='lat' dir='ltr'><strong>abiens</strong></span> <span class='ocrx_word' id='word_1_160' title='bbox 1278 1315 1503 1366; x_wconf 85' lang='lat' dir='ltr'><strong>magistratu</strong></span> 
     </span>
     <span class='ocr_line' id='line_1_20' title="bbox 174 1380 1504 1432; baseline 0.002 -14"><span class='ocrx_word' id='word_1_161' title='bbox 174 1380 304 1419; x_wconf 88' lang='lat' dir='ltr'><strong>dicere</strong></span> <span class='ocrx_word' id='word_1_162' title='bbox 328 1393 350 1418; x_wconf 91' lang='lat' dir='ltr'><strong>a</strong></span> <span class='ocrx_word' id='word_1_163' title='bbox 377 1380 535 1419; x_wconf 84' lang='lat' dir='ltr'><strong>tribuno</strong></span> <span class='ocrx_word' id='word_1_164' title='bbox 560 1382 611 1430; x_wconf 92' lang='lat' dir='ltr'><strong>pl.</strong></span> <span class='ocrx_word' id='word_1_165' title='bbox 636 1380 863 1430; x_wconf 90' lang='lat' dir='ltr'><strong>prohiberer</strong></span> <span class='ocrx_word' id='word_1_166' title='bbox 887 1394 988 1430; x_wconf 82' lang='lat' dir='ltr'><strong>quae</strong></span> <span class='ocrx_word' id='word_1_167' title='bbox 1018 1380 1309 1428; x_wconf 84' lang='lat' dir='ltr'><strong>constitueram,</strong></span> <span class='ocrx_word' id='word_1_168' title='bbox 1333 1394 1504 1432; x_wconf 85' lang='lat' dir='ltr'><strong>cumque</strong></span> 
     </span>
     <span class='ocr_line' id='line_1_21' title="bbox 116 1445 1505 1495; baseline 0 -11"><span class='ocrx_word' id='word_1_169' title='bbox 116 1463 156 1484; x_wconf 92' lang='lat'><strong>20</strong></span> <span class='ocrx_word' id='word_1_170' title='bbox 175 1445 206 1484; x_wconf 88' lang='lat' dir='ltr'><strong>is</strong></span> <span class='ocrx_word' id='word_1_171' title='bbox 228 1445 323 1484; x_wconf 92' lang='lat' dir='ltr'><strong>mihi</strong></span> <span class='ocrx_word' id='word_1_172' title='bbox 345 1453 496 1484; x_wconf 89' lang='lat' dir='ltr'><strong>tantum</strong></span> <span class='ocrx_word' id='word_1_173' title='bbox 523 1446 643 1484; x_wconf 89' lang='lat' dir='ltr'><strong>modo</strong></span> <span class='ocrx_word' id='word_1_174' title='bbox 665 1453 706 1483; x_wconf 91' lang='lat' dir='ltr'><strong>ut</strong></span> <span class='ocrx_word' id='word_1_175' title='bbox 729 1445 893 1483; x_wconf 87' lang='lat' dir='ltr'><strong>iurarem</strong></span> <span class='ocrx_word' id='word_1_176' title='bbox 917 1445 1167 1495; x_wconf 86' lang='lat' dir='ltr'><strong>permitteret,</strong></span> <span class='ocrx_word' id='word_1_177' title='bbox 1191 1445 1275 1483; x_wconf 87' lang='lat' dir='ltr'><strong>sine</strong></span> <span class='ocrx_word' id='word_1_178' title='bbox 1296 1447 1374 1484; x_wconf 87' lang='lat' dir='ltr'><strong>ulla</strong></span> <span class='ocrx_word' id='word_1_179' title='bbox 1394 1446 1505 1485; x_wconf 88' lang='lat' dir='ltr'><strong>dubi-</strong></span> 
     </span>
     <span class='ocr_line' id='line_1_22' title="bbox 175 1510 1504 1561; baseline 0 -12"><span class='ocrx_word' id='word_1_180' title='bbox 175 1510 322 1550; x_wconf 88' lang='lat' dir='ltr'><strong>tatione</strong></span> <span class='ocrx_word' id='word_1_181' title='bbox 344 1510 465 1549; x_wconf 89' lang='lat' dir='ltr'><strong>iuravi</strong></span> <span class='ocrx_word' id='word_1_182' title='bbox 487 1524 567 1549; x_wconf 89' lang='lat' dir='ltr'><strong>rem</strong></span> <span class='ocrx_word' id='word_1_183' title='bbox 596 1510 795 1561; x_wconf 88' lang='lat' dir='ltr'><strong>publicam</strong></span> <span class='ocrx_word' id='word_1_184' title='bbox 826 1518 945 1560; x_wconf 85' lang='lat' dir='ltr'><strong>atque</strong></span> <span class='ocrx_word' id='word_1_185' title='bbox 973 1512 1074 1548; x_wconf 87' lang='lat' dir='ltr'><strong>hanc</strong></span> <span class='ocrx_word' id='word_1_186' title='bbox 1103 1510 1239 1549; x_wconf 91' lang='lat' dir='ltr'><strong>urbem</strong></span> <span class='ocrx_word' id='word_1_187' title='bbox 1271 1525 1358 1550; x_wconf 87' lang='lat' dir='ltr'><strong>mea</strong></span> <span class='ocrx_word' id='word_1_188' title='bbox 1388 1511 1504 1550; x_wconf 90' lang='lat' dir='ltr'><strong>unius</strong></span> 
     </span>
     <span class='ocr_line' id='line_1_23' title="bbox 173 1576 1542 1627; baseline 0 -12"><span class='ocrx_word' id='word_1_189' title='bbox 173 1590 292 1627; x_wconf 89' lang='lat' dir='ltr'><strong>opera</strong></span> <span class='ocrx_word' id='word_1_190' title='bbox 324 1590 409 1616; x_wconf 85' lang='lat' dir='ltr'><strong>esse</strong></span> <span class='ocrx_word' id='word_1_191' title='bbox 441 1577 597 1615; x_wconf 88' lang='lat' dir='ltr'><strong>salvam.</strong></span> <span class='ocrx_word' id='word_1_192' title='bbox 660 1576 761 1614; x_wconf 87' lang='lat' dir='ltr'><strong>Mihi</strong></span> <span class='ocrx_word' id='word_1_193' title='bbox 790 1577 959 1626; x_wconf 90' lang='lat' dir='ltr'><strong>populus</strong></span> <span class='ocrx_word' id='word_1_194' title='bbox 988 1577 1193 1614; x_wconf 88' lang='lat' dir='ltr'><strong>Romanus</strong></span> <span class='ocrx_word' id='word_1_195' title='bbox 1216 1576 1417 1615; x_wconf 88' lang='lat' dir='ltr'><strong>universus</strong></span> <span class='ocrx_word' id='word_1_196' title='bbox 1439 1576 1542 1621; x_wconf 85' lang='lat' dir='ltr'><strong>illa7</strong></span> 
     </span>
     <span class='ocr_line' id='line_1_24' title="bbox 173 1640 1501 1691; baseline 0.002 -12"><span class='ocrx_word' id='word_1_197' title='bbox 173 1641 213 1680; x_wconf 90' lang='lat' dir='ltr'><strong>in</strong></span> <span class='ocrx_word' id='word_1_198' title='bbox 246 1641 431 1680; x_wconf 88' lang='lat' dir='ltr'><strong>contione</strong></span> <span class='ocrx_word' id='word_1_199' title='bbox 464 1655 544 1680; x_wconf 89' lang='lat' dir='ltr'><strong>non</strong></span> <span class='ocrx_word' id='word_1_200' title='bbox 571 1641 685 1680; x_wconf 87' lang='lat' dir='ltr'><strong>unius</strong></span> <span class='ocrx_word' id='word_1_201' title='bbox 711 1641 788 1680; x_wconf 91' lang='lat' dir='ltr'><strong>diei</strong></span> <span class='ocrx_word' id='word_1_202' title='bbox 817 1640 1117 1691; x_wconf 85' lang='lat' dir='ltr'><strong>gratulationem</strong></span> <span class='ocrx_word' id='word_1_203' title='bbox 1141 1642 1210 1680; x_wconf 87' lang='lat' dir='ltr'><strong>sed</strong></span> <span class='ocrx_word' id='word_1_204' title='bbox 1231 1641 1501 1681; x_wconf 87' lang='lat' dir='ltr'><strong>aeternitatem</strong></span> 
     </span>
     <span class='ocr_line' id='line_1_25' title="bbox 174 1706 1503 1757; baseline 0.002 -13"><span class='ocrx_word' id='word_1_205' title='bbox 174 1707 586 1757; x_wconf 84' lang='lat' dir='ltr'><strong>immortalitatemque</strong></span> <span class='ocrx_word' id='word_1_206' title='bbox 617 1706 790 1753; x_wconf 84' lang='lat' dir='ltr'><strong>donavit,</strong></span> <span class='ocrx_word' id='word_1_207' title='bbox 814 1720 904 1744; x_wconf 82' lang='lat' dir='ltr'><strong>curn</strong></span> <span class='ocrx_word' id='word_1_208' title='bbox 936 1720 1069 1745; x_wconf 87' lang='lat' dir='ltr'><strong>meum</strong></span> <span class='ocrx_word' id='word_1_209' title='bbox 1100 1707 1158 1744; x_wconf 90' lang='lat' dir='ltr'><strong>ius</strong></span> <span class='ocrx_word' id='word_1_210' title='bbox 1188 1706 1394 1745; x_wconf 86' lang='lat' dir='ltr'><strong>iurandum</strong></span> <span class='ocrx_word' id='word_1_211' title='bbox 1427 1709 1503 1746; x_wconf 84' lang='lat' dir='ltr'><strong>talc</strong></span> 
     </span>
     <span class='ocr_line' id='line_1_26' title="bbox 118 1772 1499 1822; baseline 0.001 -12"><span class='ocrx_word' id='word_1_212' title='bbox 118 1791 153 1820; x_wconf 81' lang='lat'><strong>25</strong></span> <span class='ocrx_word' id='word_1_213' title='bbox 172 1780 291 1821; x_wconf 80' lang='lat' dir='ltr'><strong>atque</strong></span> <span class='ocrx_word' id='word_1_214' title='bbox 312 1780 463 1810; x_wconf 90' lang='lat' dir='ltr'><strong>tantum</strong></span> <span class='ocrx_word' id='word_1_215' title='bbox 486 1772 630 1810; x_wconf 87' lang='lat' dir='ltr'><strong>iuratus</strong></span> <span class='ocrx_word' id='word_1_216' title='bbox 652 1772 734 1822; x_wconf 89' lang='lat' dir='ltr'><strong>ipse</strong></span> <span class='ocrx_word' id='word_1_217' title='bbox 756 1785 834 1810; x_wconf 87' lang='lat' dir='ltr'><strong>una</strong></span> <span class='ocrx_word' id='word_1_218' title='bbox 855 1784 955 1810; x_wconf 79' lang='lat' dir='ltr'><strong>voce</strong></span> <span class='ocrx_word' id='word_1_219' title='bbox 983 1778 1021 1810; x_wconf 88' lang='lat' dir='ltr'><strong>et</strong></span> <span class='ocrx_word' id='word_1_220' title='bbox 1042 1784 1237 1809; x_wconf 88' lang='lat' dir='ltr'><strong>consensu</strong></span> <span class='ocrx_word' id='word_1_221' title='bbox 1258 1772 1499 1822; x_wconf 79' lang='lat' dir='ltr'><strong>approbavit.</strong></span> 
     </span>
     <span class='ocr_line' id='line_1_27' title="bbox 175 1836 1502 1888; baseline 0 -12"><span class='ocrx_word' id='word_1_222' title='bbox 175 1839 267 1886; x_wconf 81' lang='lat' dir='ltr'><strong>Quo</strong></span> <span class='ocrx_word' id='word_1_223' title='bbox 297 1837 456 1888; x_wconf 87' lang='lat' dir='ltr'><strong>quidem</strong></span> <span class='ocrx_word' id='word_1_224' title='bbox 480 1846 655 1888; x_wconf 87' lang='lat' dir='ltr'><strong>tempore</strong></span> <span class='ocrx_word' id='word_1_225' title='bbox 677 1837 707 1875; x_wconf 87' lang='lat' dir='ltr'><strong>is</strong></span> <span class='ocrx_word' id='word_1_226' title='bbox 729 1850 838 1875; x_wconf 88' lang='lat' dir='ltr'><strong>meus</strong></span> <span class='ocrx_word' id='word_1_227' title='bbox 868 1838 1032 1875; x_wconf 87' lang='lat' dir='ltr'><strong>domum</strong></span> <span class='ocrx_word' id='word_1_228' title='bbox 1055 1836 1125 1874; x_wconf 87' lang='lat' dir='ltr'><strong>fuit</strong></span> <span class='ocrx_word' id='word_1_229' title='bbox 1147 1850 1168 1874; x_wconf 93' lang='lat' dir='ltr'><strong>e</strong></span> <span class='ocrx_word' id='word_1_230' title='bbox 1189 1838 1273 1874; x_wconf 91' lang='lat' dir='ltr'><strong>foro</strong></span> <span class='ocrx_word' id='word_1_231' title='bbox 1294 1837 1439 1875; x_wconf 87' lang='lat' dir='ltr'><strong>reditus</strong></span> <span class='ocrx_word' id='word_1_232' title='bbox 1461 1845 1502 1876; x_wconf 88' lang='lat' dir='ltr'><strong>ut</strong></span> 
     </span>
     <span class='ocr_line' id='line_1_28' title="bbox 174 1901 1501 1952; baseline 0 -11"><span class='ocrx_word' id='word_1_233' title='bbox 174 1916 303 1950; x_wconf 81' lang='lat' dir='ltr'><strong>nemo,</strong></span> <span class='ocrx_word' id='word_1_234' title='bbox 332 1902 405 1941; x_wconf 89' lang='lat' dir='ltr'><strong>nisi</strong></span> <span class='ocrx_word' id='word_1_235' title='bbox 435 1903 502 1952; x_wconf 87' lang='lat' dir='ltr'><strong>qui</strong></span> <span class='ocrx_word' id='word_1_236' title='bbox 528 1916 683 1941; x_wconf 86' lang='lat' dir='ltr'><strong>mecum</strong></span> <span class='ocrx_word' id='word_1_237' title='bbox 714 1910 826 1949; x_wconf 75' lang='lat' dir='ltr'><strong>esset,</strong></span> <span class='ocrx_word' id='word_1_238' title='bbox 849 1901 992 1940; x_wconf 82' lang='lat' dir='ltr'><strong>civium</strong></span> <span class='ocrx_word' id='word_1_239' title='bbox 1024 1915 1108 1940; x_wconf 85' lang='lat' dir='ltr'><strong>esse</strong></span> <span class='ocrx_word' id='word_1_240' title='bbox 1139 1901 1177 1939; x_wconf 91' lang='lat' dir='ltr'><strong>in</strong></span> <span class='ocrx_word' id='word_1_241' title='bbox 1206 1916 1370 1941; x_wconf 87' lang='lat' dir='ltr'><strong>numero</strong></span> <span class='ocrx_word' id='word_1_242' title='bbox 1400 1902 1501 1941; x_wconf 83' lang='lat' dir='ltr'><strong>vide-</strong></span> 
     </span>
     <span class='ocr_line' id='line_1_29' title="bbox 175 1967 1502 2018; baseline 0 -12"><span class='ocrx_word' id='word_1_243' title='bbox 175 1975 287 2006; x_wconf 82' lang='lat' dir='ltr'><strong>retur.</strong></span> <span class='ocrx_word' id='word_1_244' title='bbox 347 1970 480 2018; x_wconf 74' lang='lat' dir='ltr'><strong>Atque</strong></span> <span class='ocrx_word' id='word_1_245' title='bbox 515 1967 566 2005; x_wconf 87' lang='lat' dir='ltr'><strong>ita</strong></span> <span class='ocrx_word' id='word_1_246' title='bbox 601 1975 657 2006; x_wconf 74' lang='lat' dir='ltr'><strong>est</strong></span> <span class='ocrx_word' id='word_1_247' title='bbox 691 1981 714 2005; x_wconf 87' lang='lat' dir='ltr'><strong>a</strong></span> <span class='ocrx_word' id='word_1_248' title='bbox 751 1981 813 2006; x_wconf 85' lang='lat' dir='ltr'><strong>me</strong></span> <span class='ocrx_word' id='word_1_249' title='bbox 849 1969 1075 2005; x_wconf 82' lang='lat' dir='ltr'><strong>consulatus</strong></span> <span class='ocrx_word' id='word_1_250' title='bbox 1110 1976 1288 2017; x_wconf 78' lang='lat' dir='ltr'><strong>peractus</strong></span> <span class='ocrx_word' id='word_1_251' title='bbox 1323 1975 1364 2006; x_wconf 92' lang='lat' dir='ltr'><strong>ut</strong></span> <span class='ocrx_word' id='word_1_252' title='bbox 1405 1968 1502 2007; x_wconf 87' lang='lat' dir='ltr'><strong>nihil</strong></span> 
     </span>
    </p>
   </div>
   <div class='ocr_carea' id='block_1_3' title="bbox 175 2071 1506 2372">
    <p class='ocr_par' dir='ltr' id='par_1_3' title="bbox 175 2071 1506 2372">
     <span class='ocr_line' id='line_1_30' title="bbox 224 2071 1501 2112; baseline 0.001 -10"><span class='ocrx_word' id='word_1_253' title='bbox 224 2082 235 2102; x_wconf 90' lang='lat'>1</span> <span class='ocrx_word' id='word_1_254' title='bbox 264 2082 338 2102; x_wconf 84' lang='lat' dir='ltr'><strong>meo</strong></span> <span class='ocrx_word' id='word_1_255' title='bbox 355 2082 418 2102; x_wconf 83' lang='lat' dir='ltr'><strong>om.</strong></span> <span class='ocrx_word' id='word_1_256' title='bbox 440 2071 522 2112; x_wconf 79' lang='lat' dir='ltr'><strong>Lag.</strong></span> <span class='ocrx_word' id='word_1_257' title='bbox 548 2082 584 2102; x_wconf 89' lang='lat'><strong>12</strong></span> <span class='ocrx_word' id='word_1_258' title='bbox 773 2081 792 2110; x_wconf 85' lang='lat'><strong>3</strong></span> <span class='ocrx_word' id='word_1_259' title='bbox 817 2071 1016 2102; x_wconf 85' lang='lat' dir='ltr'><strong>commutavi</strong></span> <span class='ocrx_word' id='word_1_260' title='bbox 1039 2071 1119 2111; x_wconf 77' lang='lat' dir='ltr'><strong>Lag.</strong></span> <span class='ocrx_word' id='word_1_261' title='bbox 1140 2081 1170 2110; x_wconf 90' lang='lat'><strong>9,</strong></span> <span class='ocrx_word' id='word_1_262' title='bbox 1192 2071 1385 2102; x_wconf 81' lang='lat' dir='ltr'><strong>Iloloman:</strong></span> <span class='ocrx_word' id='word_1_263' title='bbox 1412 2082 1501 2103; x_wconf 88' lang='lat' dir='ltr'><strong>corn-</strong></span> 
     </span>
     <span class='ocr_line' id='line_1_31' title="bbox 177 2114 1499 2157; baseline 0.001 -13"><span class='ocrx_word' id='word_1_264' title='bbox 177 2115 341 2145; x_wconf 80' lang='lat' dir='ltr'><strong>municavi</strong></span> <span class='ocrx_word' id='word_1_265' title='bbox 359 2118 422 2144; x_wconf 80' lang='lat' dir='ltr'><strong>cett.</strong></span> <span class='ocrx_word' id='word_1_266' title='bbox 578 2116 598 2146; x_wconf 91' lang='lat'>8</span> <span class='ocrx_word' id='word_1_267' title='bbox 623 2115 793 2156; x_wconf 85' lang='lat' dir='ltr'><strong>extremo]</strong></span> <span class='ocrx_word' id='word_1_268' title='bbox 814 2125 840 2146; x_wconf 75' lang='lat' dir='ltr'><strong>S.</strong></span> <span class='ocrx_word' id='word_1_269' title='bbox 863 2115 1040 2145; x_wconf 87' lang='lat' dir='ltr'><strong>Decembri</strong></span> <span class='ocrx_word' id='word_1_270' title='bbox 1060 2114 1101 2143; x_wconf 93' lang='lat' dir='ltr'><em>M</em></span> <span class='ocrx_word' id='word_1_271' title='bbox 1115 2115 1148 2143; x_wconf 75' lang='lat' dir='ltr'><strong>in</strong></span> <span class='ocrx_word' id='word_1_272' title='bbox 1166 2125 1232 2154; x_wconf 80' lang='lat' dir='ltr'><strong>mg.</strong></span> <span class='ocrx_word' id='word_1_273' title='bbox 1365 2116 1499 2157; x_wconf 79' lang='lat' dir='ltr'><strong>mense]</strong></span> 
     </span>
     <span class='ocr_line' id='line_1_32' title="bbox 177 2157 1500 2198; baseline 0.002 -10"><span class='ocrx_word' id='word_1_274' title='bbox 177 2169 292 2188; x_wconf 83' lang='lat' dir='ltr'><strong>mense</strong></span> <span class='ocrx_word' id='word_1_275' title='bbox 321 2157 497 2189; x_wconf 84' lang='lat' dir='ltr'><strong>Decembri</strong></span> <span class='ocrx_word' id='word_1_276' title='bbox 522 2158 568 2188; x_wconf 79' lang='lat' dir='ltr'><strong>Ee</strong></span> <span class='ocrx_word' id='word_1_277' title='bbox 746 2169 782 2197; x_wconf 86' lang='lat'><strong>14</strong></span> <span class='ocrx_word' id='word_1_278' title='bbox 808 2157 962 2198; x_wconf 82' lang='lat' dir='ltr'><strong>propter]</strong></span> <span class='ocrx_word' id='word_1_279' title='bbox 991 2158 1082 2188; x_wconf 82' lang='lat' dir='ltr'><strong>iuxta</strong></span> <span class='ocrx_word' id='word_1_280' title='bbox 1108 2157 1154 2188; x_wconf 81' lang='lat' dir='ltr'><strong>Ee</strong></span> <span class='ocrx_word' id='word_1_281' title='bbox 1184 2160 1310 2190; x_wconf 71' lang='lat' dir='ltr'><strong>(contra</strong></span> <span class='ocrx_word' id='word_1_282' title='bbox 1336 2158 1500 2191; x_wconf 67' lang='lat' dir='ltr'><strong>Arusian.</strong></span> 
     </span>
     <span class='ocr_line' id='line_1_33' title="bbox 177 2200 1500 2243; baseline 0.002 -12"><span class='ocrx_word' id='word_1_283' title='bbox 177 2201 222 2232; x_wconf 91' lang='lat' dir='ltr'><strong>K.</strong></span> <span class='ocrx_word' id='word_1_284' title='bbox 239 2201 297 2231; x_wconf 90' lang='lat' dir='ltr'><strong>vii.</strong></span> <span class='ocrx_word' id='word_1_285' title='bbox 313 2201 393 2240; x_wconf 83' lang='lat'>502)</span> <span class='ocrx_word' id='word_1_286' title='bbox 498 2211 533 2241; x_wconf 85' lang='lat'><strong>15</strong></span> <span class='ocrx_word' id='word_1_287' title='bbox 558 2201 712 2243; x_wconf 78' lang='lat' dir='ltr'><strong>civicam]</strong></span> <span class='ocrx_word' id='word_1_288' title='bbox 731 2202 771 2232; x_wconf 85' lang='lat' dir='ltr'><strong>de</strong></span> <span class='ocrx_word' id='word_1_289' title='bbox 788 2211 911 2241; x_wconf 82' lang='lat' dir='ltr'><strong>quercu</strong></span> <span class='ocrx_word' id='word_1_290' title='bbox 932 2211 1005 2232; x_wconf 86' lang='lat' dir='ltr'><strong>eam</strong></span> <span class='ocrx_word' id='word_1_291' title='bbox 1017 2200 1063 2231; x_wconf 82' lang='lat' dir='ltr'><strong>Ee</strong></span> <span class='ocrx_word' id='word_1_292' title='bbox 1165 2203 1203 2231; x_wconf 89' lang='lat'><strong>16</strong></span> <span class='ocrx_word' id='word_1_293' title='bbox 1227 2207 1322 2240; x_wconf 84' lang='lat' dir='ltr'><strong>gesta</strong></span> <span class='ocrx_word' id='word_1_294' title='bbox 1340 2226 1346 2233; x_wconf 91' lang='lat'><strong>.</strong></span> <span class='ocrx_word' id='word_1_295' title='bbox 1367 2225 1374 2233; x_wconf 93' lang='lat'><strong>.</strong></span> <span class='ocrx_word' id='word_1_296' title='bbox 1394 2226 1401 2233; x_wconf 90' lang='lat'><strong>.</strong></span> <span class='ocrx_word' id='word_1_297' title='bbox 1422 2213 1500 2233; x_wconf 84' lang='lat' dir='ltr'><strong>con-</strong></span> 
     </span>
     <span class='ocr_line' id='line_1_34' title="bbox 175 2243 1502 2285; baseline 0 -10"><span class='ocrx_word' id='word_1_298' title='bbox 175 2251 307 2276; x_wconf 81' lang='lat' dir='ltr'><strong>servata</strong></span> <span class='ocrx_word' id='word_1_299' title='bbox 332 2245 413 2285; x_wconf 79' lang='lat' dir='ltr'><strong>Lag.</strong></span> <span class='ocrx_word' id='word_1_300' title='bbox 442 2256 473 2285; x_wconf 82' lang='lat'><strong>9,</strong></span> <span class='ocrx_word' id='word_1_301' title='bbox 504 2243 685 2276; x_wconf 72' lang='lat' dir='ltr'><strong>Garatoni:</strong></span> <span class='ocrx_word' id='word_1_302' title='bbox 718 2250 834 2283; x_wconf 83' lang='lat' dir='ltr'><strong>gestae</strong></span> <span class='ocrx_word' id='word_1_303' title='bbox 860 2269 867 2276; x_wconf 99' lang='lat'><strong>.</strong></span> <span class='ocrx_word' id='word_1_304' title='bbox 888 2270 894 2277; x_wconf 89' lang='lat'><strong>.</strong></span> <span class='ocrx_word' id='word_1_305' title='bbox 925 2268 931 2274; x_wconf 91' lang='lat'><strong>.</strong></span> <span class='ocrx_word' id='word_1_306' title='bbox 962 2250 1180 2275; x_wconf 78' lang='lat' dir='ltr'><strong>conservatae</strong></span> <span class='ocrx_word' id='word_1_307' title='bbox 1209 2249 1274 2276; x_wconf 84' lang='lat' dir='ltr'><strong>cell.</strong></span> <span class='ocrx_word' id='word_1_308' title='bbox 1466 2256 1502 2285; x_wconf 87' lang='lat'><strong>19</strong></span> 
     </span>
     <span class='ocr_line' id='line_1_35' title="bbox 176 2288 1506 2328; baseline 0 -9"><span class='ocrx_word' id='word_1_309' title='bbox 176 2289 289 2319; x_wconf 85' lang='lat' dir='ltr'><strong>diccrc</strong></span> <span class='ocrx_word' id='word_1_310' title='bbox 307 2299 324 2319; x_wconf 87' lang='lat' dir='ltr'><strong>a</strong></span> <span class='ocrx_word' id='word_1_311' title='bbox 342 2293 381 2319; x_wconf 80' lang='lat' dir='ltr'><strong>tr.</strong></span> <span class='ocrx_word' id='word_1_312' title='bbox 402 2288 444 2328; x_wconf 90' lang='lat' dir='ltr'><strong>pl.</strong></span> <span class='ocrx_word' id='word_1_313' title='bbox 465 2288 551 2319; x_wconf 83' lang='lat' dir='ltr'><strong>codd.</strong></span> <span class='ocrx_word' id='word_1_314' title='bbox 570 2293 599 2319; x_wconf 85' lang='lat' dir='ltr'><strong>et</strong></span> <span class='ocrx_word' id='word_1_315' title='bbox 613 2289 751 2319; x_wconf 74' lang='lat' dir='ltr'><strong>Asconii</strong></span> <span class='ocrx_word' id='word_1_316' title='bbox 763 2289 826 2320; x_wconf 79' lang='lat' dir='ltr'><strong>cod.</strong></span> <span class='ocrx_word' id='word_1_317' title='bbox 845 2288 895 2319; x_wconf 82' lang='lat' dir='ltr'><strong>S:</strong></span> <span class='ocrx_word' id='word_1_318' title='bbox 935 2300 953 2319; x_wconf 85' lang='lat' dir='ltr'><strong>a</strong></span> <span class='ocrx_word' id='word_1_319' title='bbox 970 2293 1007 2319; x_wconf 86' lang='lat' dir='ltr'><strong>tr.</strong></span> <span class='ocrx_word' id='word_1_320' title='bbox 1029 2288 1070 2328; x_wconf 91' lang='lat' dir='ltr'><strong>pl.</strong></span> <span class='ocrx_word' id='word_1_321' title='bbox 1090 2289 1203 2319; x_wconf 85' lang='lat' dir='ltr'><strong>dicere</strong></span> <span class='ocrx_word' id='word_1_322' title='bbox 1219 2288 1359 2319; x_wconf 67' lang='lat' dir='ltr'><strong>Asconii</strong></span> <span class='ocrx_word' id='word_1_323' title='bbox 1379 2289 1443 2320; x_wconf 81' lang='lat' dir='ltr'><strong>cod.</strong></span> <span class='ocrx_word' id='word_1_324' title='bbox 1464 2288 1506 2319; x_wconf 63' lang='lat' dir='ltr'><strong>A!</strong></span> 
     </span>
     <span class='ocr_line' id='line_1_36' title="bbox 177 2331 1500 2372; baseline 0.002 -11"><span class='ocrx_word' id='word_1_325' title='bbox 177 2331 278 2372; x_wconf 83' lang='lat' dir='ltr'><strong>quae]</strong></span> <span class='ocrx_word' id='word_1_326' title='bbox 298 2343 336 2362; x_wconf 83' lang='lat' dir='ltr'><strong>ea</strong></span> <span class='ocrx_word' id='word_1_327' title='bbox 352 2342 437 2370; x_wconf 84' lang='lat' dir='ltr'><strong>quac</strong></span> <span class='ocrx_word' id='word_1_328' title='bbox 450 2332 587 2362; x_wconf 79' lang='lat' dir='ltr'><strong>Asconii</strong></span> <span class='ocrx_word' id='word_1_329' title='bbox 599 2332 688 2363; x_wconf 80' lang='lat' dir='ltr'><strong>codd.</strong></span> <span class='ocrx_word' id='word_1_330' title='bbox 706 2331 778 2362; x_wconf 75' lang='lat' dir='ltr'><strong>PM</strong></span> <span class='ocrx_word' id='word_1_331' title='bbox 863 2332 1020 2372; x_wconf 87' lang='lat' dir='ltr'><strong>cumque]</strong></span> <span class='ocrx_word' id='word_1_332' title='bbox 1040 2342 1113 2362; x_wconf 87' lang='lat' dir='ltr'><strong>cum</strong></span> <span class='ocrx_word' id='word_1_333' title='bbox 1132 2332 1297 2363; x_wconf 69' lang='lat' dir='ltr'><strong>Asconius</strong></span> <span class='ocrx_word' id='word_1_334' title='bbox 1401 2344 1441 2363; x_wconf 82' lang='lat'><strong>20</strong></span> <span class='ocrx_word' id='word_1_335' title='bbox 1466 2339 1500 2363; x_wconf 86' lang='lat' dir='ltr'><strong>ut</strong></span> 
     </span>
    </p>
   </div>
   <div class='ocr_carea' id='block_1_4' title="bbox 180 2374 1138 2416">
    <p class='ocr_par' dir='ltr' id='par_1_4' title="bbox 180 2374 1138 2416">
     <span class='ocr_line' id='line_1_37' title="bbox 180 2374 1138 2416; baseline 0 -10"><span class='ocrx_word' id='word_1_336' title='bbox 180 2375 337 2416; x_wconf 85' lang='lat' dir='ltr'><strong>iurarem]</strong></span> <span class='ocrx_word' id='word_1_337' title='bbox 356 2376 466 2406; x_wconf 81' lang='lat' dir='ltr'><strong>iurare</strong></span> <span class='ocrx_word' id='word_1_338' title='bbox 484 2375 650 2407; x_wconf 73' lang='lat' dir='ltr'><strong>Asconius</strong></span> <span class='ocrx_word' id='word_1_339' title='bbox 763 2386 803 2414; x_wconf 82' lang='lat'><strong>24</strong></span> <span class='ocrx_word' id='word_1_340' title='bbox 831 2374 915 2416; x_wconf 83' lang='lat' dir='ltr'><strong>tale]</strong></span> <span class='ocrx_word' id='word_1_341' title='bbox 933 2376 1034 2406; x_wconf 85' lang='lat' dir='ltr'><strong>tacite</strong></span> <span class='ocrx_word' id='word_1_342' title='bbox 1051 2375 1097 2406; x_wconf 81' lang='lat' dir='ltr'><strong>Ee</strong></span> <span class='ocrx_word' id='word_1_343' title='bbox 1135 2408 1138 2409; x_wconf 19' lang='lat'><em>โท</em></span> 
     </span>
    </p>
   </div>
  </div>
 </body>
</html>
