1716 2662
69 463 88 496 5

51 790 90 813 10

51 1115 87 1149 ¹5

432 80 542 118 PRO
574 81 618 119 L.
651 80 870 119 FLACCO
900 80 1119 120 ORATIO
1391 91 1438 118 10
1459 94 1499 124 ²3

109 189 267 230 testium
297 190 418 230 refelli
444 192 543 231 solet
571 199 637 230 aut
663 190 740 230 vita
769 191 882 230 laedi.
943 192 1034 240 Qua
1063 191 1331 242 disputatione
1360 205 1441 231 ora-

108 254 257 294 tionem
274 256 447 294 refellam
462 256 545 295 eius
559 255 626 306 qui
643 255 738 294 dicit
755 271 762 295 :
793 260 801 276 ‘
816 255 1025 303 dedimus,'
1042 256 1138 294 nihil
1152 256 1351 306 amplius?
1389 257 1447 296 In-

108 320 310 358 hominem
332 321 547 359 dicendum
568 329 626 359 est
647 321 773 371 igitur,
796 335 888 359 cum
910 321 1035 360 oratio
1059 322 1440 372 argumentationem

108 398 188 423 non
209 385 338 423 habet.
391 385 498 434 Quid
520 385 649 424 dicam
671 385 710 423 in
732 385 942 435 ignotum?
990 387 1247 435 Querendum
1271 394 1329 425 est
1349 400 1441 437 ergo

107 457 146 488 ct
166 450 466 499 deplorandum,
489 450 529 488 id
551 451 659 500 quod
680 449 758 488 iam
779 452 931 489 dudum
953 451 1064 499 facio,
1087 452 1137 490 de
1158 451 1266 489 omni
1285 464 1443 490 accusa-

107 515 225 553 tionis
271 515 489 565 iniquitate,
529 515 698 566 primum
737 517 789 554 de
832 516 1036 555 communi
1078 530 1218 567 genere
1258 516 1442 565 testium3

108 581 203 619 dicit
233 580 338 620 enim
370 581 476 619 natio
507 581 669 620 minime
699 580 739 619 in
768 581 1004 620 testimoniis
1034 581 1214 620 dicendis
1248 581 1438 632 religiosa.

108 646 275 696 Propius
324 648 497 694 accedo,
555 659 656 697 nego
708 659 794 685 esse
842 646 916 684 ista
967 646 1193 685 testimonia
1243 660 1345 697 quae
1399 654 1440 685 tu

108 711 375 762 psephismata
408 713 593 762 appellas,
630 713 700 751 sed
739 711 938 751 fremitum
977 712 1175 762 egentium
1210 720 1248 751 et
1287 720 1440 751 motum

107 778 306 828 quendam
337 777 586 816 temerarium
616 779 834 817 Graeculae
861 776 1069 816 contionis.
1129 778 1292 816 Intrabo
1322 777 1439 816 etiam

108 843 239 893 magis.
301 842 380 891 Qui
413 842 531 893 gessit
562 857 643 882 non
676 844 800 890 adest,
830 842 898 893 qui
930 855 1156 881 numerasse
1190 842 1332 881 dicitur
1359 856 1441 881 non

106 916 165 947 est
189 909 411 956 deductus;
440 907 612 958 privatae
637 907 787 946 litterae
816 909 946 946 nullae
974 909 1233 958 proferuntur,
1259 907 1441 958 publicae

107 981 280 1012 retentae
318 981 410 1011 sunt
449 972 489 1010 in
531 981 806 1012 accusatorum
847 980 1065 1023 potestate,
1113 986 1267 1011 summa
1305 980 1363 1011 est
1399 972 1440 1010 in

107 1039 297 1086 testibus,
341 1038 380 1076 bi
406 1038 540 1077 vivunt
572 1052 663 1077 cum
696 1037 875 1086 inimicis,
905 1039 1049 1077 adsunt
1076 1051 1167 1076 cum
1198 1037 1441 1085 adversariis,

108 1104 287 1142 habitant
312 1117 404 1142 cum
435 1104 741 1142 accusatoribus.
800 1105 941 1142 Vtrum
973 1102 1036 1141 hic
1061 1104 1220 1141 tandem
1250 1102 1441 1153 discepta-

107 1169 255 1208 tionem
286 1177 325 1208 et
355 1168 623 1219 cognitionem
654 1169 836 1216 veritatis,
860 1182 910 1207 an
939 1167 1188 1207 innocentiae
1218 1168 1347 1206 labem
1376 1168 1441 1206 ali-

108 1248 226 1285 quam
265 1243 332 1274 aut
371 1234 523 1273 ruinam
563 1236 646 1273 sore
684 1235 859 1285 putatis?
917 1235 1045 1272 Multa
1083 1233 1189 1272 enim
1228 1241 1319 1272 sunt
1357 1234 1440 1273 eius

79 1350 83 1354 ι
108 1302 227 1348 modi,
259 1300 421 1348 iudices,
452 1308 508 1350 ut,
531 1300 649 1340 etiam
686 1300 716 1339 si
748 1300 787 1339 in
818 1299 980 1339 homine
1014 1299 1100 1350 ipso
1129 1300 1180 1338 de
1208 1313 1288 1350 quo
1317 1299 1442 1350 agitur

50 1445 90 1468 20

108 1368 351 1417 neglegenda
386 1366 473 1414 sint,
509 1374 643 1406 tamen
680 1366 720 1406 in
753 1365 992 1405 condicione
1025 1373 1143 1416 atque
1182 1365 1221 1404 in
1260 1367 1441 1417 exemplo

108 1432 422 1484 pertimescenda
460 1431 677 1470 videantur.
753 1431 791 1469 Si
831 1444 949 1481 quem
984 1430 1127 1476 ,infimo
1164 1432 1253 1469 loco
1292 1438 1440 1478 natum,

108 1499 217 1536 nullo
248 1498 458 1548 splendore
488 1497 601 1544 vitae,
634 1498 742 1535 nulla
775 1496 1125 1535 commendatione
1154 1498 1281 1535 famae
1310 1498 1442 1536 defen-

108 1564 251 1609 derem,
283 1570 414 1601 tamen
446 1562 572 1600 civem
597 1575 619 1601 a
646 1562 797 1600 civibus
826 1561 1049 1600 communis
1076 1562 1330 1600 humanitatis
1360 1562 1442 1601 iure

108 1642 153 1667 ac
175 1628 439 1667 misericordia
460 1630 700 1678 deprecarer,
731 1642 780 1667 ne
811 1627 954 1678 ignotis
984 1627 1159 1674 testibus,
1183 1642 1233 1666 ne
1260 1627 1440 1676 incitatis,

109 1707 158 1732 ne
187 1693 423 1732 accusatoris
451 1693 759 1740 consessoribus,
787 1693 974 1740 convivis,
1004 1693 1365 1741 contubernalibus,
1391 1708 1442 1733 ne

109 1759 336 1797 hominibus
370 1758 524 1797 levitate
559 1758 730 1805 Graecis,
758 1758 990 1797 crudelitate
1027 1757 1198 1796 barbaris
1232 1758 1358 1797 civem
1395 1772 1441 1798 ac

108 1824 325 1874 supplicem
358 1832 528 1862 vestrum
563 1823 771 1871 dederetiS,
806 1838 855 1862 ne
889 1823 1147 1874 periculosam
1182 1823 1439 1863 imitationem

108 1889 275 1939 exempli
297 1889 454 1939 reliquis
476 1889 515 1926 in
536 1897 736 1938 posterum
759 1889 984 1939 proderetis.
1038 1889 1115 1927 Sed
1136 1901 1225 1927 cum
1249 1890 1291 1927 L.
1312 1890 1439 1928 Flacci

109 1968 168 1993 res
206 1962 350 2004 agatur,
388 1968 465 2004 qua
499 1968 545 1992 ex
585 1954 730 1992 familia
767 1954 833 2004 qui
868 1955 1014 2004 primus
1050 1956 1188 1992 consul
1227 1955 1351 1992 factus
1382 1962 1441 1993 est

152 2069 170 2096 4
196 2058 317 2088 habeat
338 2058 461 2098 Campe
614 2060 635 2089 6
662 2058 770 2098 primo
789 2059 834 2089 Ek
947 2059 1081 2090 testium
1106 2069 1170 2090 om.
1195 2057 1268 2097 Βχι·
1421 2068 1439 2097 7

109 2102 189 2132 dicit
206 2101 270 2138 b1k,
290 2101 477 2142 Angelius:
501 2103 588 2132 dicct
605 2106 671 2135 cett.
831 2114 850 2142 9
877 2104 1104 2143 psephismata
1123 2104 1142 2142 ι’,
1162 2101 1344 2141 Phrygem:
1369 2102 1440 2141 ipse

110 2145 340 2185 psephismata
357 2148 420 2178 cett.
556 2147 616 2177 sed
632 2146 673 2187 B,
694 2148 844 2179 Faernus
862 2159 869 2178 ε
898 2152 931 2178 et
949 2151 1011 2178 cell.
1186 2156 1221 2184 17
1246 2144 1318 2186 aut]
1335 2155 1374 2175 ac
1390 2145 1435 2178 ed.

109 2189 244 2220 Ascens.
373 2199 412 2230 19
434 2196 511 2222 sunt
528 2190 583 2221 2b¹
707 2203 748 2223 20
772 2193 930 2223 videntur
949 2191 992 2222 Σὺ
1104 2201 1144 2221 22
1170 2187 1292 2230 civem]
1311 2189 1393 2220 civis
1410 2200 1436 2227 s,

108 2232 155 2263 ed.
175 2232 207 2262 R
225 2233 277 2273 (es.
298 2232 387 2265 Rull.
409 2234 439 2265 ii.
465 2236 539 2265 rooN
673 2246 714 2275 23
739 2246 782 2266 ne
800 2236 945 2267 incitatis
963 2235 1102 2266 inimicis
1122 2235 1243 2275 Campe
1398 2243 1438 2272 25

109 2276 309 2308 credulitate
328 2281 351 2308 Σ
504 2280 546 2308 26
571 2283 721 2310 nostrum
740 2283 763 2311 Σ
919 2281 960 2309 28
985 2290 1049 2319 qua
1069 2279 1202 2319 scripsi:
1235 2278 1329 2308 cuius
1346 2276 1436 2308 codd.

110 2321 168 2359 [ex
186 2331 225 2351 ea
245 2321 366 2352 familia
384 2321 476 2352 cuius
494 2320 644 2362 Aladm'g)
751 2328 801 2354 est
819 2323 924 2354 sactus
940 2334 966 2359 s,
988 2323 1086 2352 Klotz

1462 1122 1500 1152 ²4

1462 1440 1498 1468 11
