1747 2620
175 112 231 158 36
251 119 293 159 89
578 113 635 149 M.
666 110 835 149 TVLLI
867 109 1174 148 CICERONIS

251 223 495 263 Ancharium
527 238 609 263 non
639 237 726 262 esse
757 235 1029 260 successurum
1064 228 1231 272 putares,
1263 220 1417 260 animos
1450 234 1582 260 rumor

252 288 436 337 inflasset,
459 303 540 340 quo
570 297 607 328 te
638 289 759 327 modo
789 287 840 326 ad
869 293 978 325 tuam
1007 285 1360 336 intemperantiam,
1383 287 1579 333 scelerate,

252 355 474 394 renovasti!
543 354 663 393 Mitto
694 366 832 392 aurum
868 350 1116 390 coronarium
1148 352 1257 402 quod
1291 359 1329 390 te
1362 351 1582 390 diutissime

253 419 374 468 torsit,
406 434 497 458 cum
528 421 650 459 modo
679 421 809 466 velles,
841 418 963 456 modo
993 418 1127 455 nolles.
1206 419 1288 455 Lex
1316 416 1421 456 enim
1451 416 1582 467 generi

253 484 309 524 tui
331 492 369 523 et
389 484 548 524 decerni
568 492 606 524 et
627 492 665 523 te
693 483 872 534 accipere
901 483 1059 522 vetabat
1083 481 1156 520 nisi
1184 483 1344 521 decreto
1371 481 1581 532 triumpho.
1606 517 1617 526 ,

254 551 302 589 In
335 564 415 601 quo
449 558 490 589 tu
529 557 732 601 acceptam
766 548 843 587 iam
878 555 916 587 et
950 549 1177 586 devoratam
1212 547 1432 598 pecuniam,
1469 554 1511 586 ut
1545 546 1584 585 in

253 617 504 655 Achaeorum
525 623 685 654 centurn
713 613 880 661 talentis,
902 627 1084 652 evomere
1104 626 1184 651 non
1205 620 1371 663 poteras,
1393 613 1586 651 vocabula

253 688 407 720 tantum
437 680 693 732 pecuniarum
723 688 762 719 et
790 692 933 730 genera
963 678 1155 717 mutabas.
1216 677 1336 717 Mitto
1369 678 1586 729 diplomata

253 754 336 785 tota
373 746 413 784 in
455 745 656 797 provincia
694 744 840 796 passim
878 745 980 791 data,
1022 738 1136 782 mitto
1174 757 1382 782 numerum
1426 742 1582 781 navium

254 825 530 862 summamque
568 811 747 862 praedae,
783 809 896 848 mitto
934 808 1125 847 rationem
1165 807 1289 847 exacti
1328 807 1586 858 imperatique

255 876 449 925 frumenti,
479 876 593 915 mitto
621 883 794 926 ereptam
823 874 1043 913 libertatem
1072 874 1228 924 populis
1251 887 1299 913 ac
1327 873 1488 924 singulis
1518 872 1584 923 qui

255 950 363 981 erant
379 941 523 981 adfecti
544 940 726 992 praemiis
748 939 994 986 nominatim,
1011 952 1180 989 quorum
1193 938 1290 977 nihil
1307 946 1364 977 est
1380 939 1488 988 quod
1505 952 1586 977 non

194 1027 231 1059 91
256 1007 304 1047 sit
324 1009 409 1058 lege
435 1006 536 1046 Iulia
561 1021 611 1046 ne
639 1005 721 1046 fieri
748 1006 863 1044 liceat
891 1012 1070 1043 sanctum
1102 1003 1316 1054 diligenter.
1377 1003 1584 1051 Aetoliam,

255 1087 357 1124 quae
389 1074 525 1124 procul
556 1086 578 1110 a
610 1071 783 1110 barbaris
819 1070 1017 1109 disiuncta
1055 1069 1248 1119 gentibus,
1285 1068 1325 1107 in
1357 1069 1444 1107 sinu
1480 1069 1586 1119 pacis

255 1139 393 1189 posita,
416 1138 549 1178 medio
576 1139 655 1176 fere
682 1136 872 1176 Graeciae
902 1135 1050 1186 gremio
1078 1134 1310 1182 continetur,
1334 1148 1358 1173 o
1386 1136 1520 1173 Poena
1549 1142 1587 1173 et

257 1205 373 1243 Furia
402 1204 625 1243 sociorum!
661 1203 860 1242 decedens
893 1201 1073 1240 miseram
1104 1200 1318 1251 perdidisti.
1378 1200 1584 1247 Arsinoen,

256 1273 439 1315 Stratum,
470 1271 736 1320 Naupactum,
757 1276 799 1306 ut
825 1268 946 1306 modo
975 1273 1057 1305 tute
1087 1265 1279 1312 indicasti,
1307 1265 1451 1304 nobilis
1480 1265 1587 1304 urbis

255 1344 373 1386 atque
395 1337 541 1386 plenas,
558 1334 686 1373 fateris
708 1334 757 1372 ab
780 1332 960 1371 hostibus
982 1345 1066 1370 esse
1087 1338 1234 1381 captas,
1285 1330 1440 1379 Quibus
1453 1338 1585 1370 autem

256 1401 468 1440 hostibus?
531 1401 686 1449 Nempe
719 1398 774 1437 eis
809 1411 909 1447 quos
946 1404 986 1435 tu
1018 1396 1254 1434 Ambraciae
1285 1397 1426 1434 sedens
1461 1395 1587 1446 primo

257 1474 325 1505 tuo
356 1464 531 1505 >adventu
563 1479 609 1503 ex
644 1462 800 1514 oppidis
834 1461 1048 1512 Agrianum
1083 1469 1202 1510 atque
1237 1463 1438 1510 Dolopum
1468 1459 1589 1499 demi-

256 1545 363 1581 grare
384 1538 422 1569 et
448 1543 532 1568 aras
554 1537 591 1568 et
619 1531 728 1567 focos
755 1527 974 1577 relinquere
1002 1526 1176 1576 coegisti.
1198 1556 1204 1565 ,
1236 1528 1328 1564 Hoc
1350 1533 1390 1564 tu
1412 1525 1450 1563 in
1472 1525 1588 1573 exitu,

257 1597 453 1646 praeclare
487 1594 708 1644 imperator,
741 1607 832 1632 cum
866 1592 936 1630 tibi
965 1593 1015 1630 ad
1049 1591 1228 1642 pristinas
1261 1590 1382 1630 cladis
1416 1591 1590 1629 accessio

259 1661 392 1699 suisset
432 1659 610 1698 Aetoliae
651 1657 878 1709 repentinus
920 1656 1107 1703 interitus,
1142 1656 1354 1694 exercitum
1396 1654 1587 1702 dimisisti,

259 1740 388 1776 neque
427 1727 546 1764 ullam
586 1738 755 1774 poenam
792 1737 893 1773 quae
929 1730 1039 1761 tanto
1072 1722 1232 1760 facinori
1268 1722 1475 1760 deberetur
1510 1735 1590 1759 non

259 1791 427 1829 maluisti
450 1790 580 1828 subire
602 1803 720 1839 quam
752 1802 977 1838 quemquam
1008 1802 1215 1826 numerum
1245 1795 1399 1825 tuorum
1422 1786 1588 1824 militum
1613 1799 1626 1820 2

182 334 233 373 37

191 396 233 426 90

258 1857 520 1908 reliquiasque
550 1869 798 1906 cognoscere.

182 1902 235 1993 3382
331 1924 463 1972 Atque
503 1929 545 1960 ut
585 1922 754 1959 duorum
803 1921 1085 1972 Epicureorum
1132 1918 1428 1958 similitudinem
1470 1917 1507 1955 in
1553 1932 1591 1955 re

260 1987 413 2026 militari
459 1986 704 2038 imperioque
744 1984 921 2034 videatis,
963 1985 1168 2033 Albucius,
1206 1999 1296 2023 cum
1336 1984 1374 2022 in
1414 1983 1592 2023 Sardinia

260 2054 547 2104 triumphasset,
591 2055 744 2092 Romae
789 2054 998 2093 damnatus
1037 2059 1126 2099 est,
1174 2051 1237 2089 hic
1285 2064 1375 2089 cum
1424 2049 1590 2088 similem

304 2170 323 2198 3
349 2160 519 2191 renovasti
547 2161 679 2201 scripsi:
708 2160 870 2191 innovasti
901 2157 990 2188 codd.
1124 2166 1142 2195 5
1168 2161 1202 2186 te
1220 2166 1283 2186 0111.
1304 2156 1332 2188 k.
1358 2153 1445 2185 codd.
1473 2153 1596 2184 Fam-ui

261 2206 281 2232 ί)
299 2209 438 2243 accepta
458 2210 572 2234 tamen
599 2210 632 2234 et
659 2205 817 2235 devorata
845 2201 986 2242 pecunia
1012 2199 1121 2231 codd:
1149 2210 1231 2229 corr.
1250 2199 1380 2228 Abram
1412 2198 1490 2236 tiam
1512 2196 1589 2227 add.

262 2247 371 2279 Klols‘)
458 2258 495 2286 13
513 2247 612 2278 liccat
628 2248 699 2284 Eep
718 2259 723 2277 :
750 2246 931 2286 possitccll.
1004 2255 1038 2282 ¹4
1065 2243 1230 2274 disiuncta
1243 2243 1282 2276 ς,
1295 2242 1340 2273 cd.
1358 2242 1406 2271 l':
1424 2241 1591 2271 disiuncta

262 2296 312 2321 cst
329 2294 393 2321 (cll.
532 2293 570 2321 16
595 2291 762 2322 Arsinoan
784 2291 949 2320 Thracum
980 2287 1091 2318 codd:
1123 2297 1202 2317 com.
1236 2285 1403 2316 Turnebus
1555 2294 1590 2322 ¹7

265 2334 473 2373 Naupactum
499 2334 564 2366 Ee:
591 2340 793 2373 ncopactum
820 2336 882 2363 cell.
1056 2341 1097 2361 ‘20
1122 2331 1337 2369 aggrinarum
1368 2327 1448 2358 codd
1473 2338 1480 2358 z
1511 2338 1588 2358 sorr.

269 2378 434 2408 Turnebus
527 2389 566 2417 25
592 2389 790 2418 quc-inquam
810 2376 915 2417 suppl.
940 2374 1078 2415 Madvig
1160 2375 1201 2403 26
1225 2372 1376 2411 cognosci
1397 2370 1595 2401 Lallcnnmtl
