1716 2662
417 88 525 125 PRO
555 89 602 125 A.
633 87 885 125 CAECINA
914 87 1131 125 ORATIO
1391 99 1441 136 34
1468 103 1527 126 100

114 208 245 245 tatem,
272 212 319 236 eo
344 199 469 236 solum
497 205 663 244 vertunt,
691 199 766 236 hoc
794 206 850 235 est
883 198 1017 235 sedem
1045 210 1090 235 ac
1117 199 1248 236 locum
1275 206 1438 236 mutant.

116 266 255 313 Itaque
294 264 399 301 nulla
439 263 477 300 in
517 264 600 312 lege
640 271 770 300 nostra
810 262 1030 312 reperietur,
1068 269 1112 300 ut
1148 263 1253 312 apud
1293 272 1441 301 ceteras

113 330 302 375 civitates,
326 328 563 366 maleficium
586 328 708 366 ullum
731 327 866 365 exsilio
888 341 972 365 esse
995 328 1228 377 multatumg
1258 329 1326 366 scd
1349 342 1438 367 cum

114 395 294 434 homines
332 395 500 441 vincula,
539 407 656 432 neces
691 394 1005 444 ignominiasque
1040 394 1172 441 vitant,
1213 407 1314 444 quae
1349 403 1439 433 sunt

74 478 91 510 5
112 460 262 510 legibus
292 459 538 506 constitutae,
571 458 802 508 confugiunt
831 460 940 508 quasi
971 459 1021 497 ad
1042 471 1148 497 aram
1177 458 1217 498 in
1247 459 1436 498 exsilium.

113 525 191 574 Qui
235 524 265 562 si
310 524 348 562 in
393 523 549 562 civitate
586 523 680 573 legis
724 522 801 560 vim
846 523 975 561 subire
1014 524 1168 570 vellent,
1209 536 1290 561 non
1333 524 1439 574 prius

111 591 307 628 civitatem
340 603 456 640 quam
491 589 609 626 vitam
643 587 891 631 amitterent2
934 588 1026 637 quia
1057 589 1208 636 nolunt,
1242 602 1322 627 non
1360 589 1439 627 adi-

112 656 228 693 mitur
262 655 316 693 eis
348 654 497 701 civitas,
528 654 597 692 sed
631 653 682 691 ab
713 653 768 691 eis
798 652 1029 703 relinquitur
1062 661 1180 703 atque
1215 654 1435 704 deponitur.

113 722 228 767 Nam,
262 733 352 758 cum
392 734 438 758 ex
473 727 606 758 nostro
638 718 719 756 iure
758 718 924 756 duarum
960 718 1161 757 civitatum
1201 733 1319 757 nemo
1353 734 1439 758 esse

53 802 92 825 ιο
112 787 243 835 possit,
267 794 349 823 tum
374 785 564 823 amittitur
592 785 690 822 haec
715 783 850 823 civitas
877 783 1059 834 denique,
1084 798 1174 823 cum
1199 784 1230 822 is
1258 785 1323 835 qui
1355 799 1438 835 pro-

111 850 205 899 fugit
227 858 404 900 receptus
425 857 482 888 est
503 849 542 886 in
563 848 752 895 exsilium,
775 849 851 887 hoc
871 856 929 887 est
950 848 988 886 in
1009 848 1124 887 aliam
1147 848 1354 888 civitatem.

164 917 255 954 Non
292 929 354 954 me
388 914 580 965 praeterit,
617 921 918 964 recuperatores,
960 914 1113 952 tametsi
1152 916 1202 952 de
1241 916 1317 952 hoc
1356 915 1437 954 iure

109 983 301 1031 permulta
344 988 555 1031 praetereo,
597 987 729 1017 tamen
774 992 836 1017 me
884 978 1037 1029 longius
1081 993 1166 1018 esse
1210 982 1434 1030 prolapsum

109 1059 227 1095 quam
263 1045 360 1083 ratio
391 1044 505 1083 vestri
544 1043 663 1082 iudici
696 1043 908 1094 postularit.
967 1045 1115 1082 Verum
1154 1044 1195 1082 id
1234 1045 1318 1092 feci,
1355 1059 1434 1083 non

52 1128 88 1160 ¹5
110 1123 189 1161 quo
219 1123 289 1149 vos
321 1111 423 1148 hane
454 1109 494 1147 in
528 1110 602 1146 hac
635 1122 753 1147 causa
786 1099 1058 1147 defensionem
1089 1109 1310 1149 desiderare
1339 1110 1436 1148 arbi-

108 1184 236 1223 trarer,
265 1176 334 1214 sed
361 1182 403 1213 ut
432 1187 570 1213 omnes
598 1173 866 1223 intellegerent
895 1187 969 1213 nec
998 1175 1224 1224 ademptam
1249 1174 1433 1225 cuiquam

107 1241 304 1280 civitatem
336 1253 421 1279 esse
455 1252 585 1289 neque
622 1238 743 1278 adimi
782 1252 908 1289 posse.
970 1241 1063 1277 Hoc
1102 1253 1191 1278 curn
1231 1253 1299 1279 eos
1338 1241 1435 1279 scire

107 1306 211 1344 volui
231 1305 375 1356 quibus
395 1306 502 1344 Sulla
522 1303 645 1342 voluit
665 1303 846 1343 iniuriam
864 1305 1005 1351 faeere,
1025 1312 1108 1342 tum
1134 1304 1262 1343 omnis
1283 1313 1434 1344 ceteros

106 1384 230 1409 novos
262 1378 490 1419 veteresque
529 1368 633 1408 civis.
694 1370 835 1419 Neque
867 1368 972 1407 enim
1003 1369 1100 1408 ratio
1134 1370 1274 1408 adferri
1304 1379 1433 1421 potest

49 1454 87 1476 20
107 1450 184 1483 cur,
226 1436 256 1473 si
300 1435 482 1484 cuiquam
527 1447 631 1472 novo
670 1434 745 1472 civi
788 1433 957 1484 potuerit
1000 1434 1121 1473 adimi
1165 1435 1311 1484 civitas,
1353 1450 1432 1474 non

106 1502 290 1539 omnibus
334 1499 514 1551 patriciis,
556 1499 740 1537 omnibus
783 1498 1064 1549 antiquissimis
1104 1500 1254 1539 civibus
1298 1501 1431 1550 possit.

107 1568 210 1604 Nam
230 1567 280 1605 ad
302 1567 404 1603 hanc
425 1564 585 1614 quidem
611 1577 769 1602 causam
792 1563 887 1601 nihil
909 1565 984 1602 hoc
1010 1564 1242 1614 pertinuisse
1264 1565 1432 1615 primum
1458 1582 1513 1604 102

105 1646 151 1670 ex
185 1644 233 1670 eo
269 1629 440 1680 intellegi
480 1637 608 1679 potest
648 1630 755 1678 quod
795 1642 863 1667 vos
897 1643 939 1667 ea
979 1631 1029 1668 de
1068 1643 1107 1668 re
1146 1630 1319 1669 iudicare
1353 1644 1433 1669 non

104 1696 283 1743 debetis3
323 1695 469 1734 deinde
503 1695 611 1744 quod
644 1695 750 1732 Sulla
784 1694 867 1744 ipse
906 1694 959 1731 ita
998 1694 1085 1733 tulit
1119 1696 1170 1733 de
1204 1695 1359 1734 civitate
1390 1705 1431 1734 ut

47 1778 84 1809 ²5
104 1775 185 1801 non
214 1760 409 1799 sustulerit
437 1761 577 1798 horum
608 1772 708 1797 nexa
733 1767 851 1808 atque
876 1758 1122 1797 hereditates.
1183 1760 1299 1799 Iubet
1326 1760 1430 1799 enim

103 1827 244 1865 eodem
266 1826 347 1864 iure
367 1838 452 1864 esse
472 1838 552 1874 quo
572 1824 714 1862 fuerint
736 1823 1029 1871 Ariminenses3
1054 1838 1153 1874 quos
1174 1824 1261 1874 quis
1282 1825 1430 1875 ignorat

102 1891 314 1930 duodecim
349 1890 590 1930 coloniarum
616 1889 733 1927 fuisse
764 1897 801 1927 et
831 1902 853 1926 a
882 1889 1033 1927 civibus
1061 1889 1253 1927 Romanis
1282 1891 1430 1929 heredi·

102 1964 200 1995 tates
227 1969 365 2006 capere
392 1955 595 2005 potuisse?
652 1955 773 2003 Quod
798 1954 828 1991 si
856 1953 975 1991 adimi
1007 1953 1142 1991 civitas
1162 1956 1208 1992 A.
1234 1955 1428 1994 Caecinae

1457 893 1505 931 35

1461 954 1517 976 101

146 2076 165 2096 2
189 2072 224 2097 ut
247 2066 353 2107 suppl.
377 2065 566 2106 Naugerius
592 2066 600 2103 ζ
610 2065 641 2104 ι)
789 2073 808 2102 3
834 2062 1010 2093 multatum
1028 2060 1141 2091 m20²kz
1168 2065 1328 2090 mutatum
1354 2060 1426 2097 (stis

101 2108 213 2148 EeM¹J
232 2113 295 2141 cett.
451 2120 469 2148 4
495 2109 650 2140 homines
667 2107 856 2147 Naugerius
876 2115 877 2118 ¹
893 2106 922 2143 1)
942 2116 948 2135 :
973 2114 1092 2135 omnes
1106 2108 1171 2135 cett.
1292 2102 1425 2133 vincula

108 2152 199 2183 TEe:
223 2153 331 2184 vincla
347 2157 411 2186 cett.
575 2162 595 2191 5
620 2152 660 2183 ad
677 2160 766 2182 arma
782 2149 870 2180 codd.
890 2161 896 2179 :
921 2159 998 2180 corr.
1019 2147 1184 2188 Angelius
1341 2146 1360 2175 8
1386 2146 1426 2177 iis

104 2222 110 2228 .
127 2222 135 2229 .
155 2221 162 2228 .
183 2196 222 2227 iis
243 2196 289 2227 Tk
306 2209 312 2228 :
336 2197 389 2228 his
406 2221 413 2229 .
432 2221 439 2229 .
461 2221 468 2229 .
489 2196 541 2228 his
559 2200 623 2227 cett.
738 2204 774 2232 13
800 2193 965 2234 permulta
988 2191 1049 2222 Te:
1073 2191 1177 2222 multa
1192 2195 1256 2222 cett.
1348 2198 1424 2220 esse

102 2239 182 2279 prol.
208 2239 257 2272 T:
281 2240 365 2280 prol.
385 2251 461 2272 esse
478 2244 541 2271 cett.
682 2248 719 2277 14
745 2237 846 2268 vestri
868 2235 944 2267 T‘v‘:
970 2235 1076 2266 nostri
1099 2237 1163 2265 cett.
1303 2243 1339 2272 15
1364 2242 1424 2263 vos

102 2284 189 2315 hanc
206 2306 213 2314 .
234 2307 240 2314 .
263 2307 270 2314 .
289 2293 389 2316 causa
412 2283 455 2315 T:
481 2293 541 2314 vos
559 2307 566 2315 .
585 2304 593 2313 .
613 2307 621 2314 .
638 2292 739 2312 causa
756 2281 844 2311 hanc
861 2284 927 2310 cett.
1056 2289 1091 2318 17
1118 2288 1192 2309 esse
1209 2277 1378 2308 civitatem
1401 2275 1431 2306 T

102 2338 164 2360 nec
180 2326 370 2369 Naugerius
387 2328 437 2368 (1)
541 2336 580 2366 19
602 2325 724 2357 afferre
747 2322 840 2355 TeM¹
943 2333 984 2361 23
1009 2333 1049 2354 ea
1065 2323 1107 2353 de
1123 2323 1151 2361 k,
1172 2320 1358 2362 Angelius:
1382 2320 1423 2351 de

100 2376 166 2404 cett.
312 2382 351 2411 27
377 2370 495 2411 fuisse]
514 2379 589 2401 esse
612 2368 642 2400 T
726 2367 852 2398 civibus
871 2366 1036 2397 Romanis
1054 2366 1073 2395 k
1092 2377 1098 2397 ι
1120 2376 1148 2397 e.
1169 2376 1191 2396 r.
1212 2368 1277 2396 cett.
