1747 2620
143 84 193 124 35
214 84 254 125 87
573 79 629 116 M.
661 79 831 117 TVLLI
863 78 1170 117 CIcERoms

208 187 342 236 iratus,
380 187 606 227 iracundIae
649 189 839 235 occultae,
882 187 1097 226 blanditiae
1140 196 1308 239 apertae,
1349 188 1542 229 venientis

207 261 404 303 praetores
457 260 696 303 exspectant,
752 252 1022 303 praesentibus
1080 252 1305 302 inserviunt,
1359 254 1542 293 abeuntis

207 319 415 357 deserunt!
473 319 550 357 Sed
581 320 809 356 omittamus
837 319 1026 368 querelaS‚
1049 331 1099 357 ne
1128 326 1306 357 nostrum
1332 319 1540 358 consilium

145 392 186 423 88
206 383 245 421 in
278 383 633 434 praetermittendis
666 383 876 434 provinciis
909 385 1070 422 laudare
1101 383 1313 423 videamur.
1375 385 1540 424 Litteras

206 449 310 488 misit
353 451 403 488 de
442 449 558 488 vilico
597 451 638 488 P.
681 449 857 500 Septimi,
899 449 1071 488 hominis
1115 450 1252 498 ornati,
1293 451 1360 500 qui
1404 451 1577 497 vilicus5

205 515 368 553 caedem
412 515 583 562 fecerat3
636 514 870 565 Septimium
914 516 1120 553 ardentem
1164 514 1366 554 iracundia
1407 515 1540 555 videre

204 579 397 629 potuistis.
459 581 506 617 In
534 579 725 617 Lurconis
754 579 938 618 libertum
965 579 1155 618 iudicium
1177 593 1223 618 ex
1247 580 1379 619 edicto
1404 581 1538 629 dedit,-

203 644 326 682 hostis
365 652 423 683 est
468 646 608 683 Lurco.
683 644 791 693 Quid
837 644 980 694 igitur?
1028 644 1235 683 hominum
1279 646 1537 695 gratiosorum

202 708 582 759 splendidorumque
608 709 756 748 libertis
781 709 852 748 suit
874 709 968 748 Asia
995 711 1217 748 tradenda?
1245 723 1295 748 an
1321 710 1537 750 simultates

200 774 335 812 nescio
362 787 459 824 quas
487 787 578 813 cum
608 774 756 813 libertis
785 775 920 814 vestris
951 776 1114 813 Flaccus
1139 777 1321 814 exercet?
1349 789 1399 813 an
1424 777 1536 815 vobis
1559 790 1597 813 10

201 839 240 877 in
272 839 407 878 vestris
442 846 739 889 vestrorumque
770 840 897 878 causis
928 839 1111 879 severitas
1142 840 1235 879 odio
1265 848 1333 888 est,
1366 842 1535 880 eandem

128 909 180 956 36
200 904 378 952 laudatis,
408 919 498 944 curn
520 906 571 944 de
601 904 716 943 nobis
738 904 949 944 iudicatis?
1007 908 1059 943 At
1087 905 1158 944 iste
1182 907 1320 944 Andro
1347 906 1536 956 spoliatus

200 969 326 1017 bonis,
366 978 408 1008 ut
451 970 591 1017 dicitis,
632 971 683 1009 ad
722 970 938 1009 dicendum
983 969 1251 1008 testimonium
1297 984 1376 1008 non
1416 971 1534 1010 venit.

137 1043 176 1084 89
199 1035 309 1083 Quid
356 1035 386 1073 si
430 1035 590 1074 veniat?
660 1035 884 1074 Decisionis
927 1035 1071 1073 arbiter
1118 1036 1162 1075 C.
1211 1035 1405 1075 Caecilius
1449 1036 1531 1084 suit,

197 1113 278 1150 quo
317 1102 527 1151 splendore
566 1099 632 1147 vir,
674 1113 752 1150 qua
795 1102 883 1147 fide,
926 1114 1004 1150 qua
1047 1100 1256 1151 religione!
1306 1101 1533 1152 obsignator
1556 1115 1590 1146 15

197 1167 241 1205 C.
284 1165 480 1213 Sextilius,
520 1165 713 1204 Lurconis
753 1165 894 1203 sororis
934 1165 1046 1212 filius,
1082 1166 1203 1203 homo
1238 1173 1274 1204 et
1308 1167 1462 1216 pudens
1495 1174 1532 1205 et

196 1239 382 1269 constans
403 1239 440 1269 et
460 1231 597 1281 gravis.
657 1230 695 1269 Si
718 1230 773 1268 vis
796 1238 884 1277 erat,
910 1230 940 1269 si
963 1231 1075 1278 fraus,
1099 1230 1129 1268 si
1157 1238 1298 1278 metuS,
1318 1231 1346 1269 si
1370 1231 1533 1269 circum-

197 1296 366 1347 scriptio,
407 1296 494 1346 quis
535 1295 760 1346 pactionem
801 1295 892 1343 fieri,
935 1296 1022 1346 quis
1062 1297 1202 1335 adesse
1240 1297 1334 1334 istos
1374 1297 1531 1347 coegit?

196 1361 335 1410 Quid?
364 1361 395 1399 si
426 1361 498 1399 ista
523 1360 651 1399 omnis
676 1360 844 1410 pecunia
871 1360 963 1398 huic
991 1361 1290 1399 adulescentulo
1319 1363 1360 1400 L.
1386 1363 1528 1400 Flacco

193 1426 348 1465 reddita
386 1433 458 1473 est,
497 1425 527 1464 si
574 1425 706 1476 petita,
748 1425 777 1463 si
817 1427 975 1464 redacta
1013 1439 1081 1476 per
1120 1427 1226 1464 hunc
1269 1426 1524 1475 Antiochum,
1549 1444 1589 1466 20

194 1499 400 1542 paternum
431 1490 546 1529 huius
567 1490 832 1529 adulescentis
855 1490 1038 1529 libertum
1070 1490 1152 1530 seni
1185 1491 1239 1543 illi
1271 1492 1413 1530 Flacco
1442 1505 1528 1542 pro-

193 1557 454 1605 batissimum,
475 1556 706 1595 videmurne
727 1569 807 1594 non
830 1558 957 1595 solum
978 1556 1161 1595 avaritiae
1189 1557 1336 1595 crimen
1358 1558 1527 1608 effugere

193 1624 262 1661 sed
292 1622 410 1661 etiarn
436 1621 676 1661 liberalitatis
704 1623 862 1660 laudem
890 1621 1053 1672 adsequi
1084 1621 1352 1672 singularem?
1410 1624 1525 1662 Com-

193 1701 353 1726 munem
387 1687 493 1726 enim
528 1687 797 1734 hereditatem,
834 1700 934 1737 quae
973 1687 1186 1737 aequaliter
1224 1689 1274 1726 ad
1314 1695 1524 1739 utrumque

191 1754 274 1803 lege
309 1752 489 1800 venisset,
527 1751 722 1790 concessit
761 1752 1003 1790 adulescenti
1045 1752 1268 1803 propinquo
1302 1766 1385 1801 suo,
1426 1752 1583 1800 nihi125

190 1818 272 1867 ipse
310 1817 435 1866 attigit
474 1818 524 1855 de
564 1816 781 1855 Valerianis
823 1816 948 1855 bonis.
1011 1818 1132 1866 Quod
1173 1825 1359 1856 statuerat
1397 1819 1523 1857 facere

187 1883 383 1921 adductus
404 1881 519 1920 huius
542 1882 692 1932 pudore
714 1889 751 1920 et
773 1895 854 1920 non
883 1883 1134 1933 amplissimis
1156 1882 1364 1934 patrimoni
1385 1883 1519 1933 copiis,

189 1948 228 1986 id
245 1961 325 1986 non
345 1949 472 1985 solum
495 1946 584 1986 fecit
606 1948 675 1986 sed
698 1947 815 1986 etiam
838 1948 986 1998 prolixe
1007 1949 1285 1998 cumulateque
1306 1947 1407 1987 fecit.
1464 1949 1523 1986 Ex

188 2025 267 2062 quo
291 2011 462 2062 intellegi
487 2012 606 2050 debet
636 2026 726 2051 eum
753 2020 888 2051 contra
919 2014 1023 2062 leges
1054 2012 1241 2062 pecunias
1268 2025 1349 2050 non
1370 2012 1521 2063 cepisse

188 2077 254 2128 qui
275 2085 354 2116 tam
376 2077 488 2115 fuerit
510 2077 549 2115 in
571 2078 789 2117 hereditate
812 2078 1072 2118 concedenda
1094 2077 1273 2116 liberalis.
1540 2090 1582 2121 30

233 2191 272 2212 10
296 2182 446 2212 exercuit
466 2181 655 2221 Naugerius
673 2182 723 2219 (2)
843 2181 937 2212 vobis
956 2192 1020 2213 om.
1042 2181 1098 2220 B><
1280 2192 1316 2212 12
1344 2182 1436 2212 vobis
1456 2181 1521 2221 Σχῖ

186 2224 346 2256 iudicatur
362 2225 491 2265 Kayser
613 2227 652 2256 16
677 2224 864 2256 Sextullius
882 2229 905 2257 Σ
996 2226 1144 2264 prudens
1161 2225 1247 2256 codd.
1264 2237 1270 2257 ε
1297 2236 1376 2257 corr.
1397 2225 1519 2256 Manu-

185 2268 251 2298 tius
383 2280 424 2299 20
450 2269 476 2299 si
498 2269 633 2299 redacta
650 2269 676 2299 si
698 2279 759 2307 per
776 2269 863 2301 codd.
885 2281 891 2300 :
915 2279 994 2300 cor).
1015 2268 1253 2310 Pantagathus
1385 2278 1426 2299 22
1452 2279 1519 2299 non

187 2311 261 2342 Bk:
287 2323 351 2343 om.
373 2316 436 2343 cart.
571 2323 613 2351 29
639 2313 815 2351 pecuniam
832 2312 864 2342 Β
