1716 2662
335 89 409 126 DE
442 72 875 126 LEGE‘AGRARIA
908 88 1126 127 ORATIO
1157 88 1198 125 11
1409 98 1426 126 1
1448 104 1462 125 2

100 199 256 239 modice
295 199 435 247 dicam,
470 199 501 238 si
532 212 693 238 necesse
725 198 806 246 erit,
842 212 910 237 vos
945 199 1107 237 eosdem
1139 197 1425 236 existimaturos

100 272 235 314 putem
256 263 324 315 qui
346 264 598 303 iudicavistis.

154 330 224 367 Me
258 331 447 380 perlongo
484 329 688 368 intervallo
719 342 842 381 prope
877 328 1089 368 memoriae
1123 336 1426 379 temporumque
1448 342 1465 372 3

99 402 321 433 nostrorum
355 394 526 446 primum
560 394 764 433 hominem
794 408 942 433 novum
976 395 1182 433 consulem
1214 392 1359 432 fecistis
1388 401 1426 431 et

62 472 79 503 5
100 472 191 497 eum
220 460 351 497 locum
373 472 492 509 quem
522 459 708 497 nobilitas
734 458 938 510 praesidiis
959 460 1157 497 firmatum
1177 467 1296 508 atque
1316 459 1425 496 omni

100 524 249 562 ratione
268 524 509 562 obvallatum
532 524 693 562 tenebat
712 537 776 562 me
796 525 898 562 duce
923 523 1134 562 rescidistis
1155 523 1365 573 virtutique
1385 522 1425 561 in

99 597 301 639 posterum
331 597 465 639 patere
484 588 676 628 voluistis.
734 590 876 638 Neque
906 602 970 627 me
999 597 1153 627 tantum
1184 589 1306 626 modo
1334 601 1426 626 con-

99 656 236 700 sulem,
250 655 358 705 quod
381 663 438 692 est
454 654 583 704 ipsum
604 668 674 704 per
693 668 778 692 sese
799 654 1098 704 amplissimum,
1115 654 1186 692 sed
1206 646 1261 691 ita
1279 652 1424 691 fecistis

99 732 178 769 quo
208 721 331 758 modo
359 719 475 770 pauci
495 719 649 758 nobiles
669 718 709 757 in
730 720 804 757 hac
825 718 981 757 civitate
1005 720 1188 757 consules
1209 718 1300 757 facti
1320 726 1423 766 sunt,

41 800 80 821 10
99 798 224 822 novus
256 793 349 823 ante
380 798 444 823 me
467 797 597 822 nemo.
657 785 762 822 Nam
793 785 980 834 profect0‚
1010 784 1042 822 si
1072 783 1266 823 recordari
1293 785 1424 822 volue-
1444 789 1468 817 2

98 850 178 888 ritis
208 851 258 888 de
288 850 400 888 novis
438 849 679 897 hominibus,
715 849 913 900 reperietis
943 863 1011 888 eos
1050 850 1117 900 qui
1157 849 1241 888 sine
1269 851 1424 900 repulsa

98 917 280 953 consules
301 916 391 954 facti
416 923 507 954 sunt
531 915 717 954 diuturno
748 916 881 953 labore
911 924 1029 965 atque
1055 915 1186 965 aliqua
1214 915 1423 954 occasione

98 994 184 1018 esse
204 982 338 1028 factos,
361 994 451 1019 cum
473 980 604 1019 multis
633 980 746 1018 annis
767 988 856 1030 post
876 980 1066 1031 petissent
1086 994 1205 1031 quam
1225 988 1423 1031 praetores

98 1045 274 1093 fuissent,
301 1046 504 1096 aliquanto
536 1046 656 1084 serius
689 1059 807 1096 quam
839 1059 908 1096 per
938 1053 1106 1084 aetatem
1140 1059 1186 1084 ac
1218 1059 1286 1096 per
1318 1047 1423 1096 leges

41 1126 76 1157 15
98 1110 229 1149 liceret
245 1126 255 1159 ς
282 1111 350 1161 qui
370 1120 501 1149 autem
522 1124 628 1149 anno
649 1124 720 1149 suo
742 1110 934 1160 petierint,
958 1111 1042 1149 sine
1062 1112 1216 1160 repulsa
1235 1124 1317 1149 non
1337 1125 1423 1150 esse

98 1177 247 1224 factos;
275 1191 338 1215 me
359 1190 444 1215 esse
465 1190 587 1214 unum
609 1190 655 1214 ex
675 1176 861 1214 omnibus
889 1175 1000 1214 novis
1022 1176 1250 1215 hominibus
1271 1177 1321 1215 de
1341 1176 1423 1227 qui-

98 1242 170 1279 bus
210 1242 435 1280 meminisse
473 1241 681 1292 possimus,
717 1243 784 1292 qui
824 1243 1072 1280 consulatum
1116 1241 1292 1292 petierim
1331 1255 1422 1280 cum

96 1306 265 1356 primum
286 1306 434 1344 licitum
456 1307 514 1353 sit,
532 1308 670 1345 consul
691 1308 816 1345 factus
837 1306 910 1344 sim
932 1320 1023 1345 cum
1039 1306 1209 1357 primum
1231 1307 1419 1358 petierim,

96 1378 138 1409 ut
172 1379 298 1410 vester
326 1373 453 1410 honos
491 1373 542 1410 ad
581 1371 657 1410 mei
697 1372 883 1422 temporis
923 1372 1029 1411 diem
1064 1371 1218 1422 petituS‚
1252 1386 1333 1410 non
1371 1374 1422 1411 ad

38 1454 77 1474 20
95 1435 246 1474 alienae
288 1436 487 1486 petitionis
526 1436 776 1476 occasionem
826 1437 1075 1488 interceptus,
1117 1451 1190 1475 nec
1229 1436 1422 1475 diuturnis

95 1500 279 1550 precibus
299 1501 541 1551 efflagitatuS,
566 1503 634 1540 sed
656 1502 846 1552 dignitate
876 1502 1105 1552 impetratus
1128 1515 1212 1540 esse
1233 1502 1421 1541 videatur.

98 1567 168 1604 Est
208 1566 302 1604 illud
341 1566 627 1617 amplissimum
668 1569 775 1618 quod
816 1569 933 1617 paulo
973 1575 1064 1606 ante
1104 1567 1463 1617 commemoravi‚4

97 1630 279 1679 QuiriteS‚
304 1632 412 1681 quod
434 1632 509 1670 hoc
530 1633 679 1670 honore
707 1646 754 1670 ex
781 1632 891 1671 novis
914 1632 1141 1670 hominibus
1164 1632 1332 1683 primum
1361 1646 1424 1671 me

97 1695 228 1733 multis
259 1703 348 1746 post
378 1696 491 1734 annis
523 1697 731 1745 adfecistis,
768 1699 876 1748 quod
918 1697 1042 1748 prima
1082 1697 1281 1748 petitione,
1315 1699 1423 1748 quod

36 1779 74 1810 ²5
95 1774 201 1799 anno
233 1774 334 1808 meo,
366 1763 435 1800 sed
470 1769 601 1800 tamen
638 1762 950 1813 magnificentius
983 1771 1102 1811 atque
1135 1763 1307 1801 ornatius
1338 1776 1424 1802 esse

95 1824 162 1863 illo
182 1825 277 1862 nihil
299 1833 438 1875 potest,
461 1827 569 1876 quod
591 1827 686 1865 meis
708 1827 877 1866 comitiis
908 1841 988 1867 non
1021 1828 1204 1866 tabellam
1226 1827 1422 1867 vindicem

94 1889 235 1928 tacitae
272 1890 471 1937 libertatis,
512 1892 582 1929 sed
621 1905 759 1930 vocem
799 1892 925 1930 vivam
968 1906 1059 1942 prae
1100 1892 1211 1931 vobis
1250 1892 1422 1931 indicem

93 1962 307 1992 vestrarum
336 1968 425 2004 erga
455 1969 518 1993 me
538 1957 784 1994 voluntatum
814 1970 860 1995 ac
890 1957 1108 1995 studiorum
1137 1957 1287 1995 tulistis
1349 1958 1423 1996 Ita-

94 2032 172 2070 que
204 2033 269 2058 me
294 2032 376 2058 non
406 2027 578 2058 extrema
602 2021 776 2060 diribitio
806 2022 1091 2072 suffragiorum,
1125 2023 1194 2060 sed
1224 2022 1337 2072 primi
1367 2022 1420 2061 illi

140 2135 156 2163 7
182 2135 242 2155 nec
261 2135 312 2154 me
329 2124 361 2155 E
499 2126 519 2155 8
543 2125 650 2164 ipsum
667 2136 732 2157 om.
754 2125 786 2156 E
878 2136 954 2157 sese
974 2126 1041 2156 Een
1058 2138 1064 2157 :
1089 2137 1126 2157 se
1144 2127 1232 2164 ΛΙμς
1384 2137 1422 2158 10

94 2168 262 2198 recordari
281 2168 346 2198 Ee:
372 2169 549 2199 recordare
566 2173 628 2200 cett.
746 2180 784 2199 12
809 2169 875 2200 sint
891 2168 1026 2200 Ernesti
1140 2181 1176 2209 14
1202 2170 1310 2200 serius
1329 2171 1398 2201 Een
1414 2183 1421 2201 :

93 2211 234 2241 inferius
252 2209 369 2250 Μμχς
504 2222 542 2251 15
566 2218 676 2243 autem
694 2223 760 2244 om.
780 2212 811 2242 E
921 2214 1092 2252 petierunt
1109 2214 1181 2253 >4¹c:
1208 2215 1373 2252 petissent
1390 2214 1423 2244 E

97 2264 133 2293 ¹7
159 2255 327 2294 possimus
345 2254 399 2285 E:
430 2265 606 2295 possumus
623 2260 689 2287 cett.
828 2266 868 2294 24
895 2256 1004 2286 multis
1022 2262 1097 2296 post
1121 2257 1218 2288 annis
1235 2256 1289 2297 Ee,
1311 2256 1416 2298 Lagg.

98 2308 125 2335 1,
145 2307 161 2337 7
178 2310 184 2328 :
212 2299 322 2328 multis
339 2299 541 2338 posthabitis
557 2304 625 2332 cett.
750 2300 959 2340 appetitione
977 2299 1009 2330 E
1174 2311 1213 2340 27
1240 2301 1348 2331 vivam
1364 2302 1395 2332 ς’
1411 2313 1418 2332 :

93 2351 192 2372 unam
212 2346 278 2373 cett.
391 2343 432 2372 28
456 2349 641 2374 vestrarum
659 2344 696 2384 ⁶5,
718 2343 765 2375 ed.
789 2343 836 2374 V:
861 2348 1008 2374 vestrum
1025 2348 1089 2375 cett.
1203 2354 1244 2384 29
1269 2344 1416 2376 diribitio

92 2385 242 2417 Richter:
267 2386 373 2417 tribus
390 2386 478 2418 codd.
