1716 2662
124 473 141 505 5

103 800 141 822 10

104 1129 138 1161 15

99 1456 138 1478 20

495 88 555 125 IN
587 87 627 124 L.
663 87 910 124 PIsONEM
943 86 1159 125 ORATIO
1446 89 1492 125 16

163 205 281 248 atque
311 198 504 248 pilorum;
534 212 580 236 ex
601 212 677 248 qua
701 197 850 248 aliquot
878 198 1072 247 praetorio
1098 198 1273 247 imperio,
1297 198 1490 236 consulari

163 263 323 313 quidem
351 277 467 302 nemo
489 264 612 311 rediit,
635 264 703 314 qui
727 263 934 302 incolumis
956 263 1079 310 fuerit,
1103 263 1198 313 quin
1219 264 1464 314 triumpharit
1485 267 1489 301 ἵ

164 330 233 367 Est
268 330 343 366 hoc
373 342 546 375 novum;
584 330 707 367 multo
736 328 831 367 illud
867 328 998 378 magis.
1068 330 1300 379 Appellatus
1335 337 1391 366 est
1426 329 1490 366 hic

162 394 348 431 volturius
370 394 471 432 illius
491 394 725 444 provinciae,
748 393 779 431 si
800 393 860 432 dis
882 395 1018 444 placet,
1043 394 1262 444 imperator.
1322 396 1384 432 Ne
1406 403 1488 432 tum

161 459 333 509 quidem,
364 461 484 497 Paule
511 468 652 506 noster,
680 460 843 498 tabellas
869 460 1040 497 Romam
1067 473 1158 497 cum
1182 461 1313 498 laurea
1337 459 1491 498 mittere

161 525 366 563 audebas?
426 524 568 572 ‘Misiss
594 524 732 574 inquit.
794 523 894 573 Quis
915 538 1104 574 umquam
1130 525 1316 572 recitavit,
1339 525 1426 574 quis
1448 532 1490 562 ut

161 589 414 628 recitarentur
442 589 683 640 postulavit?
739 589 849 628 Nihil
870 589 975 628 enim
1000 603 1088 628 mea
1108 590 1185 628 iam
1210 592 1335 637 refert,
1358 598 1488 628 utrum

161 663 203 692 tu
235 655 477 693 conscientia
510 668 719 705 oppressus
754 656 944 693 scelerum
976 662 1133 693 tuorum
1169 655 1265 693 nihil
1300 668 1488 705 umquam

160 733 277 758 ausus
298 720 348 758 sis
379 720 547 759 scribere
567 721 618 758 ad
638 733 728 758 eum
750 720 929 758 ordinem
957 734 1076 770 quem
1103 721 1345 770 despexeras,
1369 734 1488 770 quem

159 784 375 833 adflixeras,
401 799 522 836 quem
551 786 761 832 deleveras,
788 799 838 823 an
861 785 977 823 amici
1005 785 1061 823 tui
1081 786 1244 824 tabellas
1265 785 1489 824 abdiderint

160 849 346 900 idemque
377 850 532 889 silentio
566 864 637 889 suo
672 850 932 889 temeritatem
974 858 1093 901 atque
1132 851 1339 889 audaciam
1379 858 1486 889 tuam

159 917 487 964 condemnarint3
513 925 632 967 atque
659 918 765 955 haud
798 916 879 955 scio
913 930 963 955 an
996 918 1129 955 malim
1160 925 1198 955 te
1227 917 1349 955 videri
1378 918 1487 955 nullo

159 983 309 1032 pudore
323 981 440 1020 fuisse
454 983 494 1020 in
507 982 642 1020 litteris
656 982 869 1030 mittendis,
886 990 925 1021 at
937 982 1086 1021 amicos
1101 990 1188 1021 tuos
1202 984 1289 1032 plus
1303 982 1487 1021 babuisse

159 1056 197 1086 et
217 1047 377 1098 pudoris
399 1055 436 1086 et
458 1047 607 1095 consili,
631 1061 749 1098 quam
770 1055 837 1086 aut
865 1055 902 1086 te
923 1047 1043 1086 videri
1071 1047 1346 1098 pudentiorem
1368 1047 1486 1086 fuisse

158 1126 276 1163 quam
320 1115 432 1160 soles,
473 1121 539 1151 aut
583 1121 693 1151 tuum
739 1114 883 1152 factum
923 1127 1004 1151 non
1048 1127 1132 1151 esse
1176 1115 1485 1152 condemnatum

157 1178 304 1217 iudicio
341 1178 568 1217 amicorum.
643 1179 764 1228 Quod
803 1179 833 1216 si
873 1192 954 1217 non
993 1178 1069 1217 tuis
1108 1178 1263 1217 nefariis
1302 1178 1342 1216 in
1381 1180 1487 1217 hunc

157 1244 336 1283 ordinem
356 1243 605 1283 contumeliis
628 1244 666 1281 in
687 1251 920 1294 perpetuum
941 1244 1012 1283 tibi
1033 1244 1179 1282 curiam
1201 1244 1486 1294 praeclusisses,

157 1309 252 1360 quid
274 1310 434 1348 tandem
456 1317 535 1347 erat
556 1317 688 1347 actum
708 1317 774 1347 aut
795 1317 947 1359 gestum
970 1309 1009 1347 in
1031 1317 1096 1347 tua
1117 1309 1317 1360 provincia
1336 1311 1386 1348 de
1407 1323 1486 1359 quo

156 1377 207 1413 ad
228 1383 407 1413 senatum
430 1388 519 1412 cum
541 1374 800 1425 gratulatione
821 1374 953 1424 aliqua
974 1374 1088 1412 scribi
1110 1375 1180 1412 abs
1203 1382 1240 1413 te
1261 1377 1486 1425 oporteret?

158 1440 310 1478 vexatio
354 1439 629 1486 Macedoniae,
679 1453 729 1477 an
778 1439 1016 1489 oppidorum
1061 1440 1183 1490 turpis
1225 1439 1393 1486 amissio,
1435 1453 1485 1478 an

157 1505 353 1544 sociorum
392 1505 572 1555 direptio,
612 1518 663 1542 an
702 1518 882 1554 agrorum
923 1504 1188 1554 depopulatiO,
1229 1518 1280 1543 an
1318 1504 1485 1543 munitio

156 1570 472 1617 Thessalonicae,
514 1584 565 1607 an
613 1569 791 1607 obsessio
839 1569 1013 1607 militaris
1056 1569 1152 1615 viae,
1201 1583 1251 1607 an
1295 1570 1484 1608 exercitus

157 1636 277 1673 nostri
308 1635 484 1674 interitus
520 1637 629 1681 ferro,
664 1636 778 1682 fame,
809 1635 959 1684 frigore,
994 1634 1245 1684 pestilentia?
1301 1637 1363 1673 Tu
1394 1649 1484 1673 vero

156 1705 220 1754 qui
242 1705 292 1742 ad
314 1711 492 1741 senatum
519 1703 615 1740 nihil
637 1701 846 1751 scripseris,
872 1709 914 1738 ut
935 1701 973 1738 in
1001 1701 1096 1739 urbe
1117 1700 1282 1750 nequior
1305 1700 1483 1738 inventus

156 1785 196 1808 es
227 1783 345 1819 quam
376 1769 580 1816 Gabinius,
605 1769 659 1806 sic
687 1768 725 1805 in
748 1766 949 1816 provincia
974 1767 1092 1816 paulo
1122 1773 1253 1803 tamen
1275 1779 1392 1815 quam
1421 1765 1483 1804 illc

155 1835 370 1873 demissior.
432 1836 534 1872 Nam
566 1834 629 1872 ille
656 1847 793 1884 gurges
824 1841 942 1882 atque
973 1833 1106 1869 helluo
1136 1839 1249 1869 natus
1278 1831 1482 1869 abdomini

154 1914 225 1939 suo
247 1915 323 1939 non
347 1900 452 1939 laudi
473 1908 510 1938 et
530 1900 687 1950 gloriae,
704 1913 793 1937 cum
816 1901 966 1948 equites
991 1898 1194 1934 Romanos
1217 1896 1255 1933 in
1272 1896 1480 1946 provincia,

153 1980 243 2004 cum
284 1966 515 2016 publicanos
554 1965 760 2003 nobiscum
799 1972 836 2002 et
872 1965 1072 2001 voluntate
1104 1969 1141 1999 et
1174 1961 1363 2011 dignitate
1394 1975 1483 1999 con-

155 2032 308 2069 iunctos
336 2031 463 2068 omnis
485 2030 659 2077 fortunis,
684 2031 827 2067 multos
851 2030 953 2066 fama
983 2027 1139 2076 vitaque
1162 2026 1359 2075 privasset,
1391 2038 1480 2063 cum

202 2148 212 2167 1
240 2136 422 2166 consularis
438 2135 531 2173 Mplv
666 2146 684 2165 2
710 2135 796 2165 redit
818 2134 848 2163 V
933 2132 1004 2172 qui]
1025 2132 1103 2171 quin
1128 2131 1159 2160 V
1243 2131 1324 2169 quin
1347 2130 1394 2160 V:
1425 2131 1480 2169 qni

155 2190 221 2209 non
241 2183 306 2210 cett.
485 2188 504 2217 5
528 2177 668 2209 tabellas
687 2178 874 2208 Asconius:
900 2175 1028 2206 tabulas
1054 2174 1140 2205 codd.
1280 2184 1351 2203 cum
1371 2173 1482 2203 laurea

156 2223 295 2253 Romam
314 2222 480 2252 Asconius
613 2232 630 2261 7
655 2232 728 2252 mea
746 2222 808 2251 iarn
832 2220 878 2250 V:
904 2220 967 2249 iam
986 2229 1059 2248 mea
1079 2222 1143 2248 cett.
1279 2228 1317 2247 10
1341 2216 1480 2247 tabellas

159 2265 203 2295 V:
238 2266 367 2297 tabulas
383 2269 446 2296 cell.
629 2276 665 2304 13
689 2270 721 2295 at
739 2263 872 2304 scripsi:
906 2273 947 2293 an
971 2261 1056 2292 codd.
1079 2273 1086 2292 :
1119 2266 1152 2291 et
1177 2260 1387 2291 Lambinus:
1420 2259 1479 2290 del.

156 2309 315 2340 Graevius
408 2309 563 2339 habuisse
581 2308 631 2349 et]
649 2309 821 2338 habuisset
842 2306 883 2336 V¹
901 2317 905 2335 :
934 2306 1091 2336 habuisse
1117 2303 1158 2334 V²
1292 2305 1328 2334 18
1353 2308 1407 2333 tua
1429 2303 1480 2334 V:

156 2352 211 2383 illa
228 2356 290 2384 cett.
424 2363 465 2391 24
489 2362 528 2384 es
544 2353 701 2383 inventus
718 2352 749 2381 E
880 2360 919 2389 27
945 2355 978 2380 et
1000 2349 1047 2379 V:
1073 2353 1171 2388 atquc
1189 2352 1252 2379 cett.

1515 93 1553 133 38

1510 375 1550 413 17

1511 435 1551 468 39

1507 1193 1550 1224 40
