1747 2620
174 122 216 150 12
241 125 280 159 27
608 112 666 148 M.
696 111 865 147 TVLLI
898 110 1205 148 (ΊΕΕΗΟΝΙΞ

238 237 326 261 vere
350 223 686 272 vehementerque
708 220 905 272 pugnavit.
967 222 1060 270 Quo
1089 220 1251 271 quidem
1282 218 1322 258 in
1342 219 1568 271 spectaculo

238 288 334 326 mira
368 287 504 339 populi
540 286 713 326 Romani
736 285 912 337 aequitas
946 293 1037 325 erat.
1096 287 1193 323 Vter
1225 298 1362 324 eorum
1393 283 1566 336 perisset,

239 360 440 402 tamquam
474 352 615 391 lanista
645 351 685 390 in
719 351 802 390 eius
835 350 943 389 modi
978 349 1060 401 pari
1091 351 1244 388 lucrum
1275 349 1357 388 fieri
1391 349 1564 399 putabat,

180 423 216 450 ΞΗ
238 417 499 456 immortalem
521 429 612 456 vero
640 423 859 467 quaestum,
884 415 915 454 si
940 424 1105 465 uterque
1127 414 1344 453 cecidisset.
1404 415 1482 452 Sed
1503 413 1568 452 ille

238 491 368 521 tamen
402 482 543 532 agebat
576 481 751 532 aliquid3
789 481 972 519 tuebatur
999 479 1273 518 auctoritatem
1307 478 1452 517 summi
1484 478 1603 526 viri.5

239 550 329 586 Erat
364 547 445 598 ipse
480 548 701 593 sceleratus,
738 553 819 585 erat
852 545 1054 596 gladiator,
1086 558 1177 583 cum
1212 545 1402 583 scelerato
1434 551 1568 583 tamen

237 622 273 651 ct
322 627 412 652 cum
460 611 541 663 pari
594 612 809 662 gladiatore
858 610 1069 662 pugnabat.
1141 611 1204 648 Tu
1253 609 1400 648 scilicet
1446 611 1569 648 homo

237 678 437 728 religiosus
458 685 496 716 et
517 685 675 716 sanctus
696 678 837 715 foedus
867 677 975 727 quod
996 689 1087 714 meo
1111 674 1302 726 sanguine
1326 674 1366 713 in
1386 674 1570 726 pactione

237 743 523 793 provinciarum
560 744 680 781 iceras
708 744 884 792 frangere
914 740 1084 780 noluisti.
1159 742 1326 781 Caverat
1356 740 1463 779 enim
1494 739 1569 779 sibi

237 810 300 847 ille
327 808 496 848 sororius
521 810 674 847 adulter
703 815 756 854 ut,
781 807 812 846 si
839 806 910 845 tibi
935 805 1189 857 provinciam,
1220 805 1251 844 si
1282 805 1505 853 exercitum,
1537 804 1568 844 si

238 873 445 924 pecuniam
494 881 668 925 ereptam
712 887 759 912 ex
806 872 860 911 rei
908 872 1090 922 publicae
1129 871 1343 910 visceribus
1381 872 1568 919 dedisset,

237 939 415 978 omnium
448 953 608 978 suorum
643 940 834 977 scelerum
866 937 1018 976 socium
1050 944 1088 976 te
1126 936 1427 987 adiutoremque
1465 951 1572 987 prae-

237 1006 359 1044 beres.
432 1007 572 1055 Itaque
611 1004 651 1042 in
691 1004 758 1043 illo
798 1004 969 1042 tumultu
1008 1002 1118 1041 fracti
1159 1004 1297 1051 fasces,
1336 1002 1436 1041 ictus
1474 1004 1568 1052 ipse,

237 1070 381 1110 cotidie
409 1072 496 1118 tela,
519 1070 681 1120 lapides,
707 1071 831 1120 fugae,
859 1069 1132 1118 deprehensus
1160 1067 1332 1118 denique
1358 1081 1449 1106 cum
1471 1069 1572 1106 ferro

235 1137 286 1175 ad
325 1144 505 1175 senatum
544 1136 576 1174 is
615 1149 734 1186 quem
772 1136 823 1173 ad
869 1136 941 1174 Cn.
985 1133 1220 1184 Pompeium
1264 1132 1570 1172 interimendum

236 1203 486 1241 conlocatum
526 1201 645 1239 fuisse
684 1200 899 1239 constabat.
962 1199 1110 1249 Ecquis
1141 1199 1290 1238 audivit
1329 1212 1409 1237 non
1449 1200 1571 1238 modo

235 1268 431 1306 actionem
463 1266 636 1317 aliquam
669 1274 737 1304 aut
771 1265 1001 1304 relationem
1036 1266 1106 1304 sed
1138 1278 1276 1303 vocem
1308 1264 1472 1302 omnino
1504 1271 1572 1302 aut

235 1335 435 1384 querelam
470 1334 608 1372 tuam?
666 1333 881 1372 Consulem
921 1339 963 1369 tu
1002 1338 1040 1369 te
1079 1329 1198 1369 fuisse
1231 1337 1356 1380 putaS,
1389 1330 1500 1368 cuius
1531 1329 1570 1367 in

236 1399 413 1450 imperio,
435 1398 501 1450 qui
527 1411 608 1436 rem
634 1397 833 1448 publicam
857 1404 1017 1435 senatus
1044 1395 1275 1434 auctoritate
1303 1402 1481 1442 servarat,
1503 1393 1570 1444 qui

237 1464 366 1504 omnis
390 1463 569 1503 omnium
600 1462 776 1514 gentium
803 1463 921 1513 partis
950 1461 1073 1500 tribus
1103 1460 1310 1511 triumphis
1331 1460 1567 1506 devinxerat,

237 1531 267 1569 is
298 1545 338 1569 se
365 1529 405 1568 in
429 1529 601 1580 publico,
629 1528 659 1566 is
687 1527 860 1577 denique
888 1526 927 1565 in
959 1526 1073 1565 Italia
1104 1525 1351 1568 tuto,statuit
1380 1539 1466 1565 esse
1489 1538 1570 1563 non

236 1597 382 1646 posse?
437 1596 502 1632 An
537 1601 619 1632 tum
655 1592 770 1631 eratis
811 1593 994 1631 consules
1030 1605 1132 1638 cum,
1167 1604 1419 1641 quacumque
1450 1591 1502 1629 de
1532 1604 1572 1628 re

236 1661 399 1699 verbum
431 1661 558 1698 facere
589 1658 806 1708 coeperatis
835 1665 901 1695 aut
932 1658 1072 1695 referre
1101 1657 1151 1694 ad
1182 1663 1374 1702 senatum,
1406 1663 1571 1693 cunctus

235 1727 335 1764 ordo
363 1724 600 1763 reclamabat
627 1723 943 1772 ostendebatque
972 1722 1067 1759 nihil
1095 1736 1180 1760 esse
1207 1735 1275 1759 vos
1302 1728 1468 1768 acturos,
1498 1719 1570 1757 nisi

237 1791 342 1842 prius
382 1792 431 1830 de
471 1803 534 1828 me
572 1787 846 1827 rettulissetis?
888 1801 980 1826 cum
1015 1801 1095 1834 VOS,
1133 1800 1374 1837 quamquam
1414 1786 1571 1824 foedere

237 1856 413 1895 obstricti
445 1854 697 1901 tenebamini,
732 1862 863 1892 tamen
895 1867 1037 1904 cupere
1067 1866 1136 1891 vos
1166 1851 1358 1899 diceretis,
1389 1852 1456 1889 sed
1488 1852 1571 1900 lege

178 1931 217 1961 30
238 1920 428 1971 impediri.
490 1921 604 1969 Quae
632 1921 692 1958 lex
713 1919 871 1970 privatis
900 1917 1128 1957 hominibus
1157 1931 1242 1956 esse
1273 1918 1333 1955 lex
1360 1930 1440 1954 non
1468 1915 1572 1954 vide-

238 1987 361 2033 batur,
402 1986 531 2024 inusta
568 1999 638 2036 per
684 1998 827 2032 servm,
871 1983 994 2022 incisa
1039 1996 1107 2033 per
1144 1982 1234 2029 vim,
1281 1981 1466 2032 imposita
1504 1994 1572 2031 per

238 2050 500 2099 latrocinium,
521 2051 677 2089 sublato
709 2057 858 2096 senatu,
890 2048 1012 2099 pulsis
1046 2062 1067 2086 e
1107 2048 1191 2085 foro
1224 2046 1338 2085 bonis
1373 2045 1569 2092 omnibus,

174 1185 216 1223 13

176 1246 216 1278 ²9

286 2168 296 2187 ῐ
325 2167 404 2188 vcro
424 2156 485 2195 Μμ
597 2167 616 2187 2
642 2156 757 2197 populi
778 2157 817 2186 R.
838 2153 943 2193 Ee><¹z
970 2154 1016 2184 rei
1036 2164 1064 2193 p.
1086 2157 1150 2185 cell.
1268 2163 1289 2192 9
1315 2152 1442 2183 ieceras
1459 2149 1544 2181 codd.
1563 2161 1570 2181 z

238 2213 315 2232 corr.
338 2200 516 2232 Manutius
684 2212 719 2230 12
744 2199 909 2237 omniurn]
930 2198 1079 2228 omnium
1098 2202 1132 2227 ut
1147 2196 1218 2235 Εεχ
1385 2197 1422 2227 16
1448 2194 1571 2234 etquis

238 2245 324 2276 codd.
346 2257 350 2274 :
388 2257 466 2276 corr.
499 2245 675 2276 M'amtlz'ns
860 2243 894 2272 18
920 2247 953 2271 tu
979 2246 1011 2271 te
1038 2251 1110 2279 χιιι
1147 2246 1214 2270 tum
1241 2244 1273 2269 tc
1303 2242 1366 2269 cell.
1388 2250 1394 2268 :
1430 2243 1509 2268 tune
1537 2244 1570 2268 te

243 2288 391 2319 H'zmdcr
534 2299 638 2327 21-23
665 2288 691 2318 is
708 2287 850 2325 deniqne
871 2286 900 2315 in
921 2284 1014 2315 Italia
1029 2287 1104 2324 pos!
1120 2288 1269 2314 servarat
1286 2283 1359 2313 hab.
1380 2281 1479 2313 codd..
1498 2285 1572 2320 post

239 2333 373 2372 publico
389 2333 548 2363 transtuli
563 2333 606 2372 gis
617 2332 705 2362 domi
725 2341 759 2360 sc
777 2335 831 2360 aut
848 2329 992 2367 denique
1005 2328 1037 2357 in
1052 2327 1147 2358 Italia
1158 2330 1235 2367 post
1249 2330 1399 2357 servarat
1414 2325 1566 2364 slladvtg)

239 2377 280 2406 28
305 2376 430 2417 inusta]
450 2377 534 2407 iusta
555 2387 566 2406 1
587 2375 645 2406 dcl.
666 2386 672 2405 :
699 2375 787 2405 iussa
805 2373 940 2404 Ernesti

1589 819 1629 845 10

1591 1152 1627 1185 Ι5

1591 1476 1631 1499 20

1591 1801 1630 1833 25
