1747 2620
202 94 231 132 9
252 99 293 120 20
615 83 671 122 M,
703 83 871 121 TVLLI
903 82 1210 120 CICERONIS

191 408 228 430 21

179 861 224 888 10

193 1323 228 1345 22

193 1910 231 1940 23

247 196 456 235 videmur?
496 195 583 235 Nisi
613 197 710 235 sorte
741 195 807 246 qui
838 196 910 234 Cn.
944 194 1190 245 Pompeium,
1220 194 1289 244 qui
1320 201 1578 246 praesentem,

247 261 315 312 qui
361 263 471 300 nullo
518 261 745 311 impellente
792 259 990 307 fallebant,
1032 273 1100 298 eos
1148 266 1311 309 urgente
1359 259 1494 298 Laelio
1541 260 1581 297 in

247 327 453 366 absentem
478 334 516 365 et
543 326 582 364 in
606 328 646 365 L.
672 327 855 364 Flaccum
877 333 944 363 aut
965 324 1126 363 timidos
1149 324 1269 363 fuisse
1295 331 1363 362 aut
1383 323 1582 374 religiosos

248 400 442 443 putamus.
503 392 582 430 Sed
602 390 744 430 fuerint
765 392 1011 440 incorruptae
1031 391 1180 428 litterae
1201 388 1309 428 dorni
1328 403 1338 436 3
1366 402 1472 427 nunc
1492 402 1583 427 vero

248 471 367 508 quam
385 457 530 496 habere
549 458 823 496 auctoritatem
843 463 911 494 aut
931 469 1051 506 quam
1068 456 1187 494 fidem
1204 456 1401 505 possunt?
1431 454 1582 493 Triduo

248 524 310 562 lex
342 524 393 562 ad
426 530 646 573 praetorem
680 521 830 569 deferri,
863 521 1040 560 iudicum
1072 520 1191 571 signis
1224 519 1420 570 obsignari
1450 520 1584 568 iubet3

248 587 447 628 tricesimo
478 588 544 627 die
572 588 635 626 vix
664 589 905 627 deferuntur.
965 588 1028 626 Ne
1055 587 1252 637 corrumpi
1284 587 1442 624 tabulae
1468 586 1584 625 facile

248 653 411 705 possint,
444 653 591 693 idcirco
625 655 685 692 lex
719 653 944 703 obsignatas
979 652 1019 691 in
1049 652 1210 703 publico
1240 651 1334 702 poni
1363 651 1510 699 voluit,·
1544 659 1584 691 at

248 718 506 770 obsignantur
539 726 754 769 corruptae.
820 718 930 768 Quid
970 719 1084 757 refert
1118 717 1233 768 igitur
1266 724 1376 755 tanto
1409 724 1499 768 post
1532 717 1584 756 ad

249 785 400 824 iudices
430 786 666 832 deferantur,
698 798 748 823 an
778 783 943 823 omnino
974 797 1054 822 non
1085 784 1341 822 deferantur?

304 849 444 900 Quid?
490 852 522 889 si
561 850 720 889 testium
766 849 940 888 studium
984 863 1075 887 cum
1120 856 1348 887 accusatore
1390 847 1584 887 sociatum

249 923 318 963 est,
355 923 541 954 tamenne
575 915 636 954 isti
672 922 791 954 testes
830 915 1110 953 habebuntur?
1167 913 1245 951 Vbi
1280 921 1338 952 est
1372 912 1487 963 igitur
1520 913 1585 952 illa

249 980 490 1031 exspectatio
528 994 630 1031 quae
669 979 811 1019 versari
855 981 894 1018 in
934 978 1088 1018 iudiciis
1128 980 1256 1017 solet?
1313 979 1417 1016 Nam
1456 986 1584 1026 antea,

249 1059 341 1084 cum
389 1046 536 1085 dixerat
584 1053 789 1085 accusator
831 1044 970 1083 acriter
1013 1051 1051 1082 et
1098 1044 1363 1090 vehementer,
1413 1056 1585 1093 cumque

250 1113 434 1151 defensor
471 1111 698 1162 suppliciter
742 1110 993 1160 demisseque
1033 1109 1298 1159 responderat,
1341 1108 1477 1146 tertius
1520 1107 1584 1146 ille

251 1184 331 1215 erat
370 1184 615 1227 exspectatus
655 1178 764 1215 locus
805 1175 974 1222 testium,
1017 1174 1083 1224 qui
1122 1181 1189 1212 aut
1225 1173 1309 1212 sine
1340 1175 1421 1212 ullo
1453 1173 1584 1212 studio

250 1241 437 1280 dicebant
468 1249 534 1279 aut
564 1254 655 1279 cum
691 1239 1004 1280 dissimulatione
1035 1239 1167 1289 aliqua
1193 1237 1429 1288 cupiditatis.
1492 1240 1584 1277 Hoc

250 1320 342 1346 vero
385 1306 481 1357 quid
519 1308 606 1345 est?
676 1307 765 1344 Vna
806 1306 955 1351 sedent,
997 1317 1044 1343 ex
1081 1311 1355 1342 accusatorum
1390 1303 1584 1342 subselliis

250 1379 422 1422 surgunt,
467 1385 548 1410 non
592 1371 850 1417 dissimulant,
895 1383 976 1409 non
1020 1376 1211 1408 verentur.
1283 1370 1346 1407 De
1389 1368 1582 1408 subselliis

250 1439 419 1489 queror?
449 1451 527 1475 una
555 1451 602 1476 ex
622 1438 744 1475 domo
765 1437 986 1486 prodeunt3
1020 1434 1051 1473 si
1072 1435 1193 1473 verbo
1215 1433 1479 1482 titubaverint,
1502 1448 1582 1485 quo

250 1510 490 1542 revertantur
510 1516 589 1542 non
612 1503 827 1541 habebunt.
887 1503 951 1539 An
975 1500 1183 1551 quisquam
1203 1513 1292 1540 esse
1316 1500 1425 1539 testis
1453 1507 1583 1551 potest

250 1582 368 1618 quem
407 1576 611 1607 accusator
648 1568 732 1606 sine
766 1580 859 1606 cura
898 1566 1107 1617 interroget
1141 1580 1214 1605 nec
1248 1573 1396 1604 metuat
1428 1580 1478 1604 ne
1509 1565 1583 1604 sibi

249 1634 398 1684 aliquid
420 1635 528 1684 quod
549 1633 631 1684 ipse
657 1632 753 1671 nolit
774 1633 1041 1682 respondeat?
1098 1631 1176 1670 Vbi
1199 1638 1256 1670 est
1278 1631 1392 1681 igitur
1416 1630 1480 1669 illa
1498 1632 1583 1669 laus

250 1699 411 1737 oratoris
433 1712 533 1748 quae
554 1700 613 1737 vel
635 1698 674 1736 in
696 1706 923 1736 accusatore
945 1705 1060 1736 antea
1082 1699 1142 1736 vel
1165 1697 1203 1735 in
1230 1705 1395 1747 patrono
1417 1696 1581 1747 spectari

249 1764 424 1802 solebat:
460 1764 582 1802 ‘bene
610 1770 748 1801 testem
782 1763 1055 1813 interrogavit;
1091 1763 1231 1801 callide
1260 1762 1435 1809 accessit,
1458 1775 1582 1812 repre·

250 1828 389 1867 hendit
407 1843 417 1876 3
442 1841 522 1878 quo
538 1829 659 1866 voluit
680 1828 842 1867 adduxit
860 1843 869 1876 3
897 1828 1067 1866 convicit
1089 1835 1126 1866 et
1148 1828 1343 1878 elinguem
1362 1826 1582 1865 reddidit?'

253 1893 362 1942 Quid
382 1901 423 1931 tu
445 1893 561 1931 istum
582 1907 704 1943 roges,
725 1893 843 1940 Laeli,
869 1893 949 1943 qui,
970 1892 1075 1943 prius
1097 1906 1215 1942 quam
1247 1894 1322 1931 hoc
1345 1893 1429 1929 ‘TE
1451 1891 1583 1929 ROGO'

251 1958 402 2006 dixeris,
421 1960 531 2009 plura
552 1959 669 1998 etiam
693 1960 868 1998 effundet
897 1972 1015 2008 quam
1038 1966 1078 1996 tu
1101 1958 1134 1997 ei
1161 1958 1270 1997 domi
1291 1965 1381 1996 ante
1403 1956 1584 2007 praescri-

250 2024 401 2074 pseris?
448 2024 557 2073 Quid
579 2039 651 2075 ego
674 2032 806 2064 autem
829 2024 1012 2062 defensor
1034 2025 1197 2072 rogem?
1249 2024 1352 2060 Nam
1373 2030 1440 2060 aut
1460 2021 1584 2061 oratio

293 2139 312 2158 2
336 2138 395 2158 eos
417 2139 468 2165 ,eo
488 2129 526 2170 χ)
548 2128 710 2169 urgente]
737 2132 967 2166 consurgente
994 2131 1016 2158 Σ
1170 2138 1187 2165 4
1215 2128 1339 2167 putatis
1366 2126 1418 2166 χοῖ
1563 2136 1584 2166 5

249 2181 348 2210 quem
366 2172 493 2203 habere
512 2177 681 2203 auctorem
700 2172 729 2201 [1¹
821 2175 960 2211 possent
979 2170 1058 2201 coni.
1079 2170 1203 2201 Mz'iller
1316 2173 1338 2201 6
1354 2171 1498 2202 iudicum
1517 2194 1524 2201 .
1543 2193 1552 2201 .
1572 2192 1582 2201 .

249 2215 415 2253 obsignari
434 2226 498 2247 om.
521 2215 628 2247 schol.
775 2226 796 2254 9
821 2220 915 2246 tanto
933 2225 997 2246 om.
1019 2217 1063 2246 Στ
1091 2220 1216 2255 quanto
1235 2218 1257 2244 Σ
1274 2225 1340 2255 mg.
1479 2224 1518 2244 10
1540 2224 1582 2244 an

249 2282 257 2288 .
277 2282 284 2289 .
304 2283 311 2290 .
334 2259 531 2289 deserantur
549 2270 613 2289 om.
634 2262 656 2289 Σ
793 2268 828 2288 11
856 2268 929 2288 cum
948 2264 1122 2289 causatore
1143 2262 1165 2289 Σ
1310 2269 1346 2296 14
1373 2258 1494 2288 dixerit
1511 2256 1584 2296 By<²

250 2312 292 2331 ρο
316 2302 491 2332 titubarint
511 2302 565 2341 Βχ
689 2311 729 2341 25
754 2301 913 2342 accessit]
937 2302 1090 2341 accessit,
1117 2303 1199 2333 scite
1222 2301 1409 2332 Mommsen
1542 2310 1585 2340 29

251 2345 377 2386 autem]
398 2351 466 2376 tum
485 2345 516 2375 Β

1602 470 1621 503 5

1606 798 1643 821 10

1606 1122 1642 1156 Ι5

1603 1452 1644 1475 20

1603 1779 1642 1811 25
