1747 2620
214 129 240 168 5
264 136 297 156 11
628 122 685 158 M.
718 122 887 158 TVLLI
921 118 1228 159 CICERONIS

194 539 228 560 12

256 233 430 272 tabulam
452 232 756 284 praerogativae,
779 246 899 283 quem
927 232 966 271 in
994 240 1132 271 senatu
1161 233 1397 272 sententiam
1425 234 1589 284 rogabas

254 298 423 347 tertium,
447 312 666 350 numquam
693 298 882 349 aspirasti,
907 300 977 338 sed
1004 298 1190 337 omnibus
1216 298 1390 338 consiliis
1419 312 1519 350 quae
1538 301 1589 339 ad

254 378 318 404 me
348 363 655 415 opprimendum
685 364 925 415 parabantur
954 377 1036 403 non
1065 363 1273 403 interfuisti
1299 365 1426 403 solum
1454 378 1588 403 verum

253 429 371 468 etiam
392 428 663 468 crudelissime
684 429 896 480 praefuisti.

307 493 408 533 Mihi
439 507 530 533 vero
560 493 634 545 ipsi
665 507 797 533 coram
827 508 973 545 genero
1003 508 1105 543 meo,
1138 494 1362 545 propinquo
1392 502 1461 534 tuo
1487 508 1588 545 quae
1609 509 1626 540 5

251 561 382 599 dicere
410 573 528 598 ausus
559 562 629 598 es?
687 562 813 610 Egere
844 560 1115 599 sordidissime
1143 560 1370 607 Gabinium,
1394 560 1477 599 sine
1504 574 1589 611 pro-

250 624 379 664 vincia
413 632 513 663 stare
543 639 624 664 non
654 638 783 676 posse,
814 639 925 675 spem
956 626 1101 664 habere
1130 639 1152 663 a
1181 625 1340 664 tribuno
1367 627 1431 676 pl„
1460 627 1490 663 si
1518 638 1588 664 sua

250 689 414 728 consilia
440 703 531 729 cum
551 690 618 729 illo
639 690 918 738 coniunxisset,
941 704 963 729 a
984 698 1122 729 senatu
1143 690 1304 741 quidem
1334 692 1588 740 desperasse3

250 755 366 795 huius
396 763 435 795 te
463 755 669 806 cupiditati
699 756 878 806 obsequi,
900 756 1013 794 sicuti
1044 769 1116 806 ego
1147 755 1325 794 fecissem
1353 757 1393 794 in
1422 757 1587 806 conlega

250 834 365 869 meo3
394 821 490 859 nihil
521 835 606 860 esse
640 823 750 871 quod
785 821 1025 871 praesidium
1065 823 1274 860 consulum
1309 821 1646 872 implorarem310

249 886 323 925 sibi
357 899 557 937 quemque
586 888 792 925 consulere
823 894 1014 937 oportere.
1074 888 1206 936 Atque
1236 887 1334 925 haec
1364 885 1494 925 dicere
1523 886 1586 925 vix

248 952 403 1000 audeo3
447 964 580 990 vereor
613 964 663 990 ne
697 951 764 1001 qui
797 952 845 989 sit
879 952 946 1001 qui
986 950 1096 989 istius
1134 951 1328 1001 insignem
1367 951 1584 1001 nequitiam

248 1017 385 1056 frontis
431 1016 647 1055 involutam
697 1016 977 1067 integumentis
1023 1017 1203 1055 nondum
1250 1024 1408 1064 cernat3
1454 1016 1584 1055 dicam

247 1090 391 1122 tamen.
452 1084 544 1133 Ipse
573 1090 677 1121 certe
706 1090 892 1133 agnoscet
923 1091 959 1120 et
988 1096 1079 1120 cum
1105 1082 1238 1132 aliquo
1267 1084 1404 1121 dolore
1425 1082 1584 1132 flagitio-

190 1164 226 1195 13
247 1162 333 1187 rum
363 1162 524 1188 suorum
555 1147 834 1186 recordabitur.
897 1147 1180 1195 Meministine,
1205 1161 1384 1195 caenum,
1414 1162 1503 1185 cum
1531 1149 1581 1186 ad
1604 1163 1640 1194 15

246 1222 284 1253 te
315 1214 452 1265 quinta
481 1215 559 1253 fere
589 1215 685 1252 hora
716 1227 806 1251 cum
839 1214 882 1252 C.
917 1213 1061 1252 Pisone
1092 1213 1298 1261 venissem,
1333 1213 1467 1251 nescio
1501 1227 1582 1263 quo

246 1293 268 1318 e
287 1279 487 1330 gurgustio
507 1286 545 1317 te
566 1278 721 1329 prodire
744 1280 920 1316 involuto
942 1278 1069 1329 capite
1090 1280 1294 1326 soleatum,
1317 1286 1367 1326 et,
1388 1292 1479 1316 cum
1506 1278 1581 1316 isto

245 1358 312 1384 ore
342 1344 490 1383 foetido
521 1344 782 1383 taeterrimam
813 1343 928 1382 nobis
956 1344 1143 1394 popinam
1172 1344 1398 1391 inhalasses,
1426 1356 1581 1382 excusa-

244 1412 352 1449 tione
373 1417 411 1448 te
427 1411 482 1448 uti
499 1409 744 1456 valetudinis,
763 1410 872 1459 quod
893 1409 1043 1448 diceres
1060 1409 1270 1448 vinulentis
1287 1417 1324 1448 te
1341 1408 1579 1459 quibusdam

244 1474 574 1514 medicaminibus
614 1476 738 1513 solere
776 1474 932 1513 curari?
1008 1477 1140 1524 Quam
1179 1489 1252 1514 nos
1290 1488 1449 1513 causam
1488 1487 1579 1512 cum
1601 1489 1640 1510 20

242 1540 683 1591 accepissemus—quid
698 1539 803 1578 enim
819 1541 944 1579 facere
957 1548 1182 1590 poteramus
1191 1540 1464 1590 ?—paulisper
1477 1539 1578 1577 steti-

244 1619 329 1644 mus
357 1606 396 1643 in
425 1605 491 1644 illo
520 1619 731 1655 ganearum
759 1612 913 1643 tuarum
942 1605 1079 1643 nidore
1105 1613 1225 1655 atque
1245 1607 1380 1650 fumo;
1408 1606 1515 1643 unde
1535 1611 1577 1642 tu

242 1685 313 1709 nos
353 1684 444 1709 cum
485 1670 775 1720 improbissime
814 1671 1108 1719 respondendo,
1143 1677 1226 1708 tum
1262 1669 1485 1720 turpissime
1518 1682 1576 1706 ru-

183 1755 220 1786 14
241 1738 387 1775 ctando
408 1736 566 1775 eiecisti.
610 1737 724 1774 Idem
746 1735 813 1773 illo
825 1736 904 1773 fere
918 1735 1042 1773 biduo
1058 1737 1274 1786 productus
1292 1735 1330 1772 in
1347 1734 1573 1773 contionem

240 1802 291 1839 ab
312 1815 359 1840 eo
380 1801 443 1839 cui
464 1801 584 1839 sicam
608 1802 807 1850 quandam
830 1800 1046 1849 praebebas
1067 1802 1316 1838 consulatum
1339 1807 1461 1846 tuum,
1484 1813 1574 1837 cum
1595 1815 1635 1846 25

240 1880 345 1905 esses
374 1866 632 1916 interrogatus
662 1865 757 1914 quid
789 1865 950 1903 sentires
982 1867 1032 1903 de
1070 1867 1278 1903 consulatu
1313 1878 1414 1912 meo,
1449 1865 1574 1914 gravis

239 1940 386 1978 auctor,
411 1930 613 1970 Calatinus
642 1931 761 1968 credo
787 1929 927 1979 aliquis
955 1937 1022 1968 aut
1042 1930 1251 1968 Africanus
1279 1937 1345 1968 aut
1376 1931 1572 1967 Maximus

280 2037 302 2066 6
325 2035 556 2066 sordidissime
575 2033 735 2074 Madvig:
764 2034 845 2064 foris
862 2044 936 2064 esse
955 2033 1043 2064 codd.
1195 2045 1211 2073 7
1239 2034 1302 2074 pl.]
1322 2034 1364 2073 pl.
1387 2033 1494 2063 clodio
1511 2033 1545 2072 χῖ
1565 2044 1571 2062 :

237 2079 282 2120 pl.
302 2080 411 2109 clodio
435 2078 573 2109 antonio
591 2077 638 2107 Ee
778 2088 837 2107 sua
853 2077 936 2116 Ea(l
955 2089 960 2107 :
986 2083 1042 2108 tua
1060 2081 1123 2108 cell.
1311 2079 1331 2107 8
1357 2077 1572 2107 coniunxeris

238 2124 294 2162 (-it
320 2122 371 2163 X¹)
401 2123 461 2153 sed
489 2133 507 2152 a
537 2121 647 2152 codd.:
683 2131 759 2152 corr.
787 2121 894 2151 Halm
1061 2123 1099 2151 16
1122 2122 1239 2160 quinta
1265 2121 1335 2151 sere
1364 2120 1464 2160 hora]
1493 2120 1572 2150 hora

237 2166 484 2206 .V.,Arusim1.
507 2165 554 2195 K.
573 2165 631 2195 vii.
658 2175 717 2203 491
852 2175 888 2203 17
915 2170 946 2195 te
973 2176 990 2194 e
1015 2166 1189 2203 gurgustio
1215 2165 1411 2194 Arusianus
1536 2165 1570 2192 18

238 2209 441 2250 inhalasses]
460 2209 627 2239 inhiasses
644 2207 706 2246 Μμ
925 2218 962 2246 19
986 2208 1172 2238 vinulentis
1190 2208 1292 2246 Αἵμίῖ,
1312 2207 1451 2237 Msiller:
1477 2207 1570 2236 vino-

237 2254 336 2284 lentis
354 2256 416 2283 cett.
539 2262 580 2290 23
606 2252 842 2291 respondendo
858 2251 961 2281 EcN:
987 2252 1212 2290 responderes
1228 2255 1293 2281 cell.
1386 2251 1569 2280 eructando

237 2296 347 2328 codd.:
372 2307 449 2327 corr.
471 2296 660 2326 Lambinus
821 2304 862 2333 25
887 2294 987 2334 sicam
1007 2295 1174 2333 quandam
1192 2294 1309 2334 scripsi
1336 2295 1385 2333 [cs.
1409 2294 1492 2324 Sest.
1516 2304 1566 2332 24,

236 2341 424 2379 Ascon.93.
440 2340 494 2379 14)
513 2350 519 2369 ;
543 2340 592 2370 sic
609 2344 788 2377 aequatum
807 2337 894 2369 codd.
910 2348 917 2369 ι
943 2337 1171 2377 inlaqueatum
1190 2337 1313 2368 Miiller
1427 2339 1467 2367 26
1491 2347 1562 2369 sen.

237 2385 319 2415 tires
336 2384 366 2415 (ἶ
383 2395 390 2414 2
415 2383 558 2414 sentires
575 2382 623 2414 eis
640 2385 705 2413 cett.
