1716 2662
112 793 150 815 10

110 1439 149 1461 20

339 83 448 120 PRO
480 83 523 121 C.
557 83 794 121 RABIRIO
830 80 1090 121 POSTVMO
1124 83 1340 121 ORATIO
1468 94 1502 120 11
1524 98 1560 130 51

174 190 285 230 drini.
347 192 393 230 Ei
414 192 510 230 nihil
531 192 570 230 in
595 191 808 232 Gabinium
835 192 1043 240 dixerunt3
1073 193 1194 232 immo
1220 195 1254 232 ei
1286 193 1500 233 Gabinium

172 258 439 296 laudaverunt.
482 257 560 296 Vbi
582 271 672 307 ergo
695 258 756 296 ille
778 271 875 304 mos,
894 257 961 296 ubi
982 259 1230 297 consuetudo
1251 258 1498 305 iudiciorum,

173 321 240 359 ubi
262 324 471 373 exempla?
528 324 635 361 Solet
662 322 694 361 is
720 322 849 361 dicere
871 322 910 360 in
931 336 1020 361 eum
1044 324 1109 372 qui
1133 323 1340 373 pecuniam
1362 325 1503 372 redegit

173 386 238 436 qui
257 386 296 425 in
313 386 421 425 illum
439 387 547 425 cuius
566 386 726 426 nomine
741 400 786 425 ea
802 386 969 437 pecunia
986 387 1222 437 redigeretur
1236 402 1316 426 non
1333 387 1470 427 dixerit
1485 389 1501 425 ?

172 453 267 501 Age,
291 451 321 490 si
343 452 373 490 is
394 452 460 502 qui
482 466 562 490 non
583 452 679 491 dixit
701 454 810 500 solet,
834 454 1004 491 etiamne
1036 453 1066 491 is
1092 455 1190 492 solet
1212 453 1278 503 qui
1299 453 1502 492 laudavit?
1524 462 1561 493 32

174 518 307 555 Isdem
329 517 504 564 testibus,
529 525 566 556 et
588 517 747 566 quidem
771 531 851 555 non
872 517 1083 568 productis,
1109 519 1178 557 sed
1200 518 1313 557 dictis
1341 517 1498 557 testium

171 582 349 629 recitatis,
373 582 483 632 quasi
512 582 777 633 praeiudicata
807 596 866 622 res
893 584 943 622 ad
973 584 1042 622 has
1068 597 1205 622 causas
1227 583 1366 622 deferri
1387 584 1496 622 solet.

172 648 222 685 Et
242 647 294 685 ait
315 646 431 685 etiam
455 661 564 686 meus
586 647 782 686 familiaris
812 655 849 686 et
874 648 1115 687 necessarius
1144 650 1311 687 eandem
1339 662 1498 687 causam
1521 660 1563 687 12

171 711 445 750 Alexandrinis
483 712 601 751 fuisse
644 726 712 750 cur
760 714 964 751 laudarent
1004 712 1218 751 Gabinium
1263 727 1364 763 quae
1403 713 1498 751 mihi

171 776 283 814 fuerit
317 790 384 814 cur
419 778 590 816 eundem
626 779 891 816 defenderem.
953 777 1068 824 Mihi,
1101 779 1145 817 C.
1170 778 1347 824 Memmi,
1381 792 1500 817 causa

171 841 412 880 defendendi
435 842 579 881 Gabini
600 842 671 880 fuit
687 842 953 881 reconciliatio
973 843 1127 893 gratiae.
1161 845 1302 893 Neque
1324 857 1386 882 me
1407 858 1498 883 vero

172 906 344 956 paenitet
379 907 550 946 mortalis
582 907 814 954 inimicitias,
841 907 1097 958 sempiternas
1132 908 1322 947 amicitias
1338 909 1496 948 habere.

171 972 275 1010 Nam
305 972 336 1010 si
367 986 429 1011 me
450 973 614 1011 invitum
635 980 759 1024 putas,
783 987 832 1011 ne
854 974 926 1013 Cn.
946 973 1111 1024 Pompei
1130 973 1306 1012 animum
1327 975 1500 1013 offende-
1520 986 1559 1018 33

170 1050 263 1084 rem,
287 1038 510 1077 defendisse
535 1052 704 1086 causam,
728 1046 766 1077 et
786 1038 895 1076 illum
916 1046 954 1077 et
976 1052 1038 1077 me
1058 1039 1311 1077 vehementer
1331 1038 1495 1089 ignoras.

171 1103 312 1153 Neque
352 1103 457 1142 enim
500 1103 712 1154 Pompeius
751 1117 814 1142 me
853 1117 922 1142 sua
956 1117 1074 1142 causa
1112 1103 1323 1154 quicquam
1372 1105 1498 1143 facere

171 1168 357 1207 voluisset
387 1169 562 1216 invitum,
593 1183 722 1219 neque
756 1182 828 1218 ego
860 1168 923 1207 cui
953 1169 1130 1207 omnium
1166 1169 1310 1207 civium
1341 1169 1497 1208 libertas

172 1233 370 1272 carissima
399 1234 533 1273 fuisset
555 1248 683 1273 meam
705 1234 968 1284 proiecissem.
1025 1236 1115 1280 Αἶα,
1139 1247 1257 1283 quam
1278 1233 1347 1273 diu
1373 1234 1498 1272 inimi-

170 1297 349 1337 cissimus
379 1299 550 1338 Gabinio
579 1299 643 1347 fui,
669 1313 748 1338 non
775 1298 1035 1337 amicissimus
1063 1299 1158 1337 mihi
1188 1300 1261 1338 Cn.
1284 1299 1496 1350 Pompeius

169 1362 250 1410 fuit,
284 1377 367 1411 nec,
399 1372 536 1414 postea
565 1378 683 1414 quam
714 1364 814 1402 illius
841 1363 1072 1402 auctoritate
1100 1376 1186 1402 earn
1215 1364 1307 1403 dedi
1341 1364 1495 1403 veniam

168 1441 286 1478 quam
304 1429 436 1477 debui,
455 1430 666 1480 quicquam
688 1428 867 1467 simulate
872 1429 959 1477 feci,
979 1442 1028 1467 ne
1044 1442 1134 1467 cum
1152 1442 1240 1467 mea
1259 1429 1421 1479 perfidia
1442 1428 1496 1467 illi

168 1493 284 1532 etiam
308 1494 379 1545 ipsi
401 1497 568 1534 facerem
591 1495 653 1533 cui
675 1494 911 1533 beneficium
933 1493 1130 1533 dedissem
1153 1493 1344 1532 iniuriam.
1391 1496 1494 1533 Nam

168 1572 247 1597 non
270 1561 473 1600 redeundo
495 1561 533 1599 in
554 1561 716 1611 gratiam
737 1574 826 1599 cum
857 1560 1017 1599 inimico
1044 1574 1125 1599 non
1154 1559 1349 1599 violabam
1381 1562 1495 1598 Pom-

167 1623 299 1673 peium
318 1640 327 1672 3
362 1625 391 1663 si
414 1639 482 1675 per
501 1640 592 1664 eum
613 1627 797 1665 reductus
822 1624 1009 1664 insidiose
1037 1625 1235 1672 redissem,
1260 1638 1323 1664 me
1346 1625 1495 1664 scilicet

168 1690 346 1739 maxime,
372 1692 441 1730 sed
471 1691 645 1741 proxime
675 1691 783 1729 illum
811 1704 971 1741 quoque
992 1690 1224 1729 fefellissem.
1276 1692 1335 1729 Ac
1356 1692 1406 1729 de
1430 1704 1493 1729 me
1515 1706 1554 1738 34

168 1754 395 1794 omittamus
412 1771 420 1803 ς
439 1757 489 1795 ad
504 1756 790 1795 Alexandrinos
808 1756 901 1794 istos
924 1763 1169 1795 revertamur.
1204 1756 1324 1804 Quod
1345 1756 1493 1794 habent

166 1833 220 1867 os,
245 1835 361 1870 quam
389 1822 595 1860 audaciam
616 1825 622 1860 Ξ
672 1823 799 1860 Modo
820 1821 932 1860 vobis
954 1820 1264 1871 inspectantibus
1285 1820 1323 1858 in
1346 1820 1492 1859 iudicio

167 1885 311 1924 Gabini
347 1886 459 1925 tertio
491 1900 650 1937 quoque
684 1887 804 1925 verbo
840 1886 1109 1925 excitabantur
1132 1900 1140 1933 ς
1188 1886 1385 1935 negabant
1429 1899 1491 1935 pe-

166 1950 321 1989 cuniam
363 1951 534 1990 Gabinio
566 1952 711 1990 datam.
780 1950 1035 1989 Recitabatur
1074 1949 1291 1989 identidem
1326 1949 1491 2000 Pompei

213 2064 223 2083 1
252 2054 291 2095 ii]
312 2064 358 2085 -11·
378 2058 456 2085 nst:
480 2055 546 2085 duo
563 2055 612 2086 os·
765 2065 785 2093 3
809 2054 894 2085 solet
914 2054 942 2084 is
957 2054 1006 2085 5‘:
1032 2053 1148 2084 soletis
1167 2052 1255 2084 codd.
1347 2053 1490 2092 pecunia

166 2097 272 2128 codd:
298 2108 375 2128 corr.
397 2098 442 2128 cd.
465 2098 496 2128 V
570 2098 700 2137 redegit
718 2098 824 2138 suppl.
843 2097 1033 2136 Naugem'us
1052 2098 1102 2137 (2)
1181 2108 1197 2134 4
1217 2096 1273 2135 qui
1292 2097 1324 2126 in
1341 2097 1362 2126 k
1378 2107 1385 2126 ε
1409 2097 1489 2136 quin

168 2142 237 2180 (qui
258 2140 360 2181 Ωῗμῂ)
377 2145 441 2172 cell.
554 2144 574 2172 6
598 2141 748 2181 testium]
768 2146 893 2172 tantum
912 2141 1075 2171 Patricius
1191 2151 1227 2171 ιο
1253 2139 1359 2170 suerat
1376 2139 1463 2170 codd.
1482 2151 1489 2170 ε

165 2194 244 2215 corr.
265 2183 440 2214 Manutius
573 2195 608 2223 17
634 2195 695 2215 nce
712 2185 816 2224 suppl.
835 2183 973 2223 Madwjgr
1124 2185 1161 2213 18
1186 2184 1248 2214 Cn.
1269 2184 1403 2222 scripsi:
1422 2194 1488 2214 non

166 2226 252 2258 codd.
273 2239 279 2257 ε
303 2227 360 2258 dcl.
384 2228 524 2268 Aladmjg
659 2239 697 2266 ¹9
722 2228 914 2258 auctoritati
935 2226 1125 2258 Lambinus
1260 2237 1303 2257 ρο
1329 2226 1486 2257 simulare

162 2273 227 2309 pzp:
253 2271 406 2302 simulavi
423 2272 452 2302 ς
539 2272 600 2301 feci
614 2272 716 2311 suppl.
738 2271 835 2301 Klotz
919 2281 961 2300 nc
979 2282 1008 2310 q,
1024 2271 1069 2301 cd.
1091 2270 1123 2300 Ix'
1140 2282 1146 2300 ε
1172 2281 1233 2301 nec
1251 2274 1314 2301 ccli.
1398 2269 1487 2310 cum]

165 2314 254 2344 enim
272 2315 301 2345 ς’
421 2326 460 2354 24
486 2325 619 2354 quoque
636 2316 773 2346 moslff:
798 2325 897 2354 quem
917 2318 980 2345 cclt.
1128 2324 1166 2345 ac
1185 2313 1320 2344 Muller:
1351 2318 1384 2345 at
1400 2313 1486 2345 codd.
