1716 2662
449 73 559 111 PRO
591 73 634 112 C.
670 73 909 111 RABIRIO
941 74 1158 112 ORATIO
1440 77 1462 114 8
1485 92 1526 124 23

136 198 221 224 esse
256 187 504 233 confessum,
539 198 657 223 nemo
695 193 764 233 est,
809 185 981 235 inquam,
1017 186 1197 224 inventus
1230 195 1307 224 tam
1342 189 1467 238 profli-

135 259 258 301 gatus,
282 260 360 289 tam
386 251 572 302 perditus,
596 259 675 289 tam
700 252 750 290 ab
771 251 879 289 omni
911 265 990 289 non
1017 253 1138 291 inodo
1165 254 1370 291 honestate
1398 255 1468 292 sed

138 316 254 354 etiam
269 316 518 355 simulatione
532 316 747 355 honestatis
761 316 928 365 relictus,
944 319 1011 367 qui
1028 331 1068 356 se
1084 317 1122 355 in
1138 317 1335 368 Capitolio
1351 318 1468 358 fuisse

135 395 225 420 cum
259 381 468 420 Saturnino
501 383 692 421 fateretur.
752 385 805 420 At
837 382 908 420 fuit
939 391 1066 421 vester
1099 391 1270 434 patruus,
1325 385 1465 432 Fuerit,

94 465 112 497 5
135 454 173 486 et
197 446 311 486 fuerit
340 448 449 484 nulla
470 446 517 494 vi,
547 448 654 485 nulla
685 447 958 498 desperatione
990 462 1118 487 rerum
1149 462 1322 497 suarum,
1351 450 1468 488 nullis

134 511 362 550 domesticis
384 511 608 550 volneribus
637 520 823 560 coactus3
852 511 1047 552 induxerit
1076 527 1166 552 eum
1197 515 1240 552 L.
1270 515 1467 553 Saturnini

135 576 372 615 familiaritas
418 584 460 614 ut
497 576 709 614 amicitiam
755 577 901 627 patriae
938 586 1220 629 praeponeret,-
1268 579 1468 618 idcircone

134 641 307 692 oportuit
324 642 367 680 C.
388 640 594 679 Rabirium
611 641 829 680 desciscere
852 655 874 679 a
896 656 935 681 re
951 643 1124 693 publica,
1144 657 1224 681 non
1242 657 1468 695 comparere

133 709 174 746 in
203 708 268 746 illa
296 716 444 746 armata
474 707 726 747 multitudine
756 709 964 757 bonorum,
994 712 1203 749 consulum
1233 710 1320 750 voci
1348 718 1468 760 atque

75 795 112 818 10
133 773 297 824 imperio
335 786 416 811 non
456 772 674 812 oboedire?
744 775 865 824 Atqui
906 774 1085 814 videmus
1125 777 1222 815 haec
1261 777 1300 814 in
1339 789 1466 814 rerum
1489 790 1528 822 24

133 847 271 878 natura
304 837 375 876 tria
410 837 538 884 fuisse,
574 845 617 876 ut
650 846 717 877 aut
753 852 843 877 cum
877 840 1088 879 Saturnino
1123 849 1235 888 esset,
1275 849 1341 879 aut
1376 854 1466 880 cum

133 904 259 951 bonis,
293 911 359 941 aut
392 904 537 942 lateret.
600 905 739 943 Latere
775 905 910 944 mortis
947 914 1028 944 erat
1055 905 1174 945 instar
1209 906 1466 957 turpissimae,

132 984 222 1008 cum
253 968 463 1007 Saturnino
494 982 578 1008 esse
608 970 745 1009 furoris
777 979 814 1009 et
844 971 1024 1019 sceleris,-
1057 971 1177 1010 virtus
1210 980 1249 1011 et
1283 973 1467 1011 honestas

134 1043 171 1074 et
201 1035 328 1085 pudor
358 1047 448 1072 cum
478 1035 706 1074 consulibus
737 1050 823 1075 esse
853 1037 1029 1087 cogebat.
1090 1039 1184 1076 Hoc
1214 1044 1255 1075 tu
1285 1037 1399 1087 igitur
1428 1038 1467 1075 in

73 1122 112 1154 15
134 1101 282 1139 crimen
325 1114 453 1148 vocas,
498 1102 606 1151 quod
657 1115 747 1139 cum
796 1102 851 1141 eis
894 1102 1008 1141 fuerit
1051 1103 1095 1142 C.
1140 1102 1324 1141 Rabirius
1367 1116 1467 1153 quos

132 1167 423 1207 amentissimus
462 1167 597 1206 fuisset
636 1167 666 1204 si
712 1175 989 1219 oppugnasset,
1032 1167 1277 1219 turpissimus
1311 1168 1343 1207 si
1385 1168 1467 1207 reli-

133 1234 310 1284 quisset?
346 1235 400 1272 At
425 1233 470 1272 C.
504 1233 715 1280 Decianus,
750 1235 800 1272 de
833 1246 914 1283 quo
943 1240 985 1271 tu
1015 1246 1132 1283 saepe
1166 1246 1464 1282 commemoras,
1488 1245 1514 1281 9

131 1301 234 1351 quia,
267 1314 356 1340 curn
387 1299 809 1338 hominem-omnibus
845 1298 1037 1349 insignem
1069 1298 1172 1337 notis
1202 1299 1464 1350 turpitudinis,

132 1369 173 1405 P.
191 1366 362 1412 Furium,
387 1373 587 1404 accusaret
609 1378 765 1404 summo
788 1364 918 1403 studio
935 1365 1131 1403 bonorum
1149 1364 1339 1413 omnium,
1357 1366 1467 1416 queri

73 1449 111 1470 20
130 1440 188 1471 est
208 1446 325 1471 ausus
349 1432 387 1470 in
415 1431 602 1470 contione
625 1431 675 1469 de
699 1437 823 1468 morte
853 1429 1062 1477 Saturnini,
1086 1431 1374 1469 condemnatus
1395 1440 1464 1479 est,

130 1506 168 1535 et
200 1498 284 1536 Sex.
322 1497 461 1545 Titius,
496 1497 605 1547 quod
637 1494 776 1533 habuit
807 1494 1017 1544 imaginem
1048 1496 1092 1532 L.
1125 1495 1322 1533 Saturnini
1357 1497 1466 1535 domi

130 1578 232 1612 suae,
270 1565 558 1603 condemnatus
600 1570 668 1601 est.
728 1562 954 1600 statuerunt
997 1560 1149 1610 equites
1189 1561 1361 1599 Romani
1400 1562 1466 1600 illo

130 1629 275 1668 iudicio
297 1629 519 1680 improbum
547 1628 673 1667 civem
694 1640 779 1666 esse
799 1634 837 1664 et
858 1638 938 1663 non
960 1625 1209 1664 retinendum
1237 1625 1275 1663 in
1297 1626 1466 1676 civitate,

130 1694 195 1744 qui
235 1694 406 1733 hominis
451 1694 634 1733 hostilem
674 1694 714 1732 in
763 1693 927 1731 modum
973 1691 1148 1730 seditiosi
1187 1691 1356 1741 imagine
1398 1700 1465 1731 aut

71 1773 110 1805 ²5
131 1767 296 1799 mortem
324 1759 406 1799 eius
436 1761 672 1807 honestaret,
708 1766 774 1797 aut
803 1756 998 1796 desideria
1027 1756 1295 1806 imperitorum
1321 1757 1466 1796 miseri-

130 1825 263 1864 cordia
279 1834 555 1873 commoveret,
577 1834 643 1864 aut
661 1838 772 1863 suam
795 1824 1030 1875 significaret
1048 1821 1261 1860 imitandae
1281 1822 1465 1873 improbi-

130 1890 218 1928 tatis
246 1892 500 1929 voluntatem.
563 1892 703 1941 Itaque
736 1890 832 1928 mihi
863 1890 1005 1929 mirum
1044 1888 1198 1927 videtur
1227 1888 1333 1926 unde
1361 1889 1463 1926 hanc
1485 1903 1523 1936 ²5

129 1963 182 2002 tu,
217 1955 403 2002 Labiene,
440 1955 650 2006 imaginem
682 1969 801 2006 quam
840 1956 962 1994 habes
1000 1952 1194 1992 inveneris
1206 1967 1217 2000 3
1250 1965 1341 1991 nam
1376 1954 1461 1992 Sex.

129 2020 236 2057 Titio
257 2021 446 2058 damnato
466 2020 532 2070 qui
554 2020 667 2058 istam
695 2021 840 2059 habere
862 2022 1022 2059 auderet
1049 2019 1230 2057 inventus
1254 2025 1312 2056 est
1331 2031 1460 2057 nemo.

175 2135 193 2162 4
220 2130 252 2154 at
271 2124 328 2154 suit
345 2124 611 2164 Nattger1‘1cs(1):
630 2125 722 2155 affuit
734 2125 822 2156 codd.
916 2135 934 2164 5
961 2124 1050 2155 nulla
1069 2125 1217 2165 supplevi
1286 2123 1317 2154 vi
1334 2123 1463 2164 scripsi:

135 2171 165 2197 in
184 2171 209 2197 Ω
224 2167 331 2207 lnnstzp
347 2179 354 2198 ε
379 2172 412 2198 et
428 2173 512 2209 pop:
532 2179 598 2200 om.
617 2169 646 2200 ‘a‘
757 2170 777 2198 6
802 2179 878 2198 eum
897 2167 1011 2208 l1²t1p²5
1029 2180 1036 2198 :
1062 2178 1137 2198 cum
1156 2171 1220 2198 cell.
1344 2177 1365 2205 9
1388 2167 1462 2197 voci

128 2211 217 2251 plfv‘:
241 2220 323 2241 voce
341 2214 406 2242 cett.
585 2221 626 2250 24
652 2212 796 2250 imagine
814 2211 871 2250 δὲ,
891 2210 1080 2251 Naugerius
1101 2212 1151 2249 (ι)
1170 2223 1176 2241 :
1202 2211 1379 2249 imaginem
1396 2214 1461 2242 cell.

133 2264 174 2292 25
200 2254 367 2284 desiderio
385 2254 417 2283 0²
493 2255 758 2285 misericordiam
775 2254 807 2284 b2
911 2256 952 2284 26
975 2254 1157 2284 imitandae
1175 2253 1259 2295 Lag.
1283 2264 1299 2293 7
1322 2266 1379 2285 *nu
1401 2258 1431 2294 2}
1455 2265 1462 2284 :

134 2297 325 2327 imitandam
343 2301 406 2327 cell.
541 2297 582 2327 28
607 2298 710 2327 habes
725 2301 748 2327 Ω
769 2309 834 2337 mg.
855 2312 860 2327 :
886 2303 920 2327 tu
939 2297 1025 2336 ΩῙμῙι
1043 2309 1049 2327 :
1075 2302 1108 2326 tu
1127 2297 1230 2327 habes
1247 2302 1312 2329 cctt.
