1716 2662
497 98 557 135 IN
591 98 631 135 L.
666 97 914 135 PISONEM
947 97 1165 135 ORATIO

171 215 255 247 tum
294 208 500 259 pracsidio,
541 209 657 248 video
694 208 910 247 amicorum
951 209 1142 255 sordibus,
1180 208 1296 247 video
1328 210 1498 249 tenebris

170 274 435 312 occultantem
474 273 657 312 libidines
697 287 797 312 suaS.
856 273 967 324 (Cus.
996 274 1071 323 11.)
1094 296 1145 301 —-
1167 273 1298 323 putavi
1328 287 1496 323 gravem,

169 338 285 377 video
306 340 538 386 adulterum,
562 339 677 378 video
698 352 929 388 ganeonem.
947 372 950 374 .
973 337 1162 387 (Grillius,
1182 339 1297 377 Rhet.
1316 341 1371 377 M.
1389 340 1497 389 599.)

224 402 302 456 [18.
335 405 477 454 Neque
500 404 681 443 adsidere
703 403 917 442 Gabinium
939 411 1005 442 aut
1026 403 1187 454 adloqui
1210 403 1248 441 in
1270 404 1375 443 curia
1396 405 1496 454 quis—

130 486 147 517 5
168 482 287 520 quam
308 469 491 508 audebat.
550 469 681 521 (Arus.
705 483 728 517 4
735 482 753 519 5
763 467 832 522 2.)]

223 533 304 588 [19.
336 534 445 585 Quid
470 535 579 585 quod
604 534 730 583 miser,
752 548 843 574 cum
865 533 973 585 loqui
994 548 1074 573 non
1097 542 1239 585 posset,
1263 543 1390 575 tacere
1414 549 1496 575 non

169 601 352 651 poterat?
409 597 564 650 (Quint.
587 599 661 638 viii.
688 612 722 650 5.
751 598 845 652 18.)]

223 777 362 816 Iamne
396 776 516 823 videa
559 776 684 824 belua,
727 776 857 815 iamne
895 777 1015 815 sentis
1063 790 1164 828 quae
1203 777 1251 816 sit
1290 764 1532 844 bominumss

167 843 326 892 querela
347 840 483 880 frontis
505 843 626 880 tuae?
684 842 815 880 Nemo
843 841 1016 892 queritur
1046 843 1185 892 Syrum
1213 842 1347 881 nescio
1376 856 1496 893 quem

112 923 149 945 10
168 907 218 945 de
237 920 352 956 grege
372 905 616 945 noviciorum
634 907 779 945 factum
801 920 886 945 esse
906 908 1122 945 consulem.
1182 908 1276 946 Non
1297 908 1402 946 enim
1423 922 1496 947 nos

167 973 276 1010 color
307 971 378 1009 iste
409 970 568 1019 servilis,
601 984 681 1009 non
713 971 862 1022 pilosae
893 984 1030 1021 genae,
1065 985 1145 1010 non
1180 973 1318 1011 dentes
1351 973 1495 1023 putridi

167 1038 432 1086 deceperunt3
461 1035 576 1083 oculi,
613 1035 829 1086 supercilia,
863 1036 980 1082 frons,
1014 1038 1142 1075 voltus
1171 1037 1343 1088 denique
1377 1045 1493 1086 totUS,

167 1101 234 1152 qui
256 1115 383 1140 sermo
397 1101 559 1151 quidam
580 1101 719 1140 tacitus
737 1101 878 1140 mentis
901 1109 969 1149 est,
985 1101 1048 1140 hic
1066 1102 1104 1139 in
1122 1103 1298 1141 fraudem
1315 1103 1496 1143 homines

167 1166 331 1217 impulit,
355 1166 418 1204 hic
439 1180 506 1204 eos
527 1166 670 1216 quibus
693 1174 775 1204 erat
796 1166 951 1216 ignotus
974 1166 1140 1217 decepit,
1164 1167 1308 1215 fefellit,
1331 1167 1494 1207 induxit.

108 1245 147 1278 15
167 1232 286 1271 Pauci
325 1231 398 1269 ista
432 1239 498 1270 tua
535 1232 728 1269 lutulenta
761 1230 853 1269 vitia
891 1244 1086 1279 noramus,
1120 1231 1236 1282 pauci
1274 1233 1495 1273 tarditatem

166 1296 308 1348 ingeni,
341 1304 541 1347 stuporem
574 1295 898 1346 debilitatemque
929 1296 1095 1346 linguae.
1154 1298 1385 1348 Numquam
1415 1308 1496 1339 erat

165 1362 301 1401 audita
333 1375 408 1400 vox
442 1362 480 1400 in
514 1363 609 1408 foro,
651 1374 868 1412 numquam
910 1361 1127 1411 periculum
1164 1364 1312 1402 factum
1343 1364 1493 1413 consili,

166 1429 318 1466 nullum
351 1441 430 1466 non
463 1428 584 1466 modo
619 1426 779 1465 inlustre
801 1428 871 1465 sed
903 1440 952 1465 ne
981 1435 1119 1466 notum
1152 1428 1313 1478 quidem
1349 1431 1494 1468 factum

166 1500 233 1531 aut
264 1492 423 1531 militiae
452 1500 518 1530 aut
549 1491 671 1531 domi.
731 1491 951 1542 Obrepsisti
988 1493 1039 1530 ad
1073 1493 1242 1532 bonores
1273 1507 1399 1533 errore
1429 1496 1496 1534 ho-

108 1576 149 1598 20
168 1558 332 1605 minum,
373 1556 719 1596 commendatione
769 1557 1009 1595 fumosarum
1060 1557 1284 1608 imaginum,
1329 1572 1494 1609 quarum

165 1624 292 1663 simile
321 1625 442 1663 habes
469 1624 565 1662 nihil
596 1631 747 1674 praeter
773 1624 957 1662 colorem.
1019 1624 1058 1660 Is
1088 1623 1184 1661 mibi
1214 1624 1331 1662 etiam
1359 1625 1495 1674 gloria·
1513 1643 1531 1666 z

165 1689 278 1728 batur
298 1703 339 1728 se
360 1689 488 1727 omnis
518 1689 763 1739 magistratus
785 1688 869 1728 sine
892 1689 1047 1739 repulsa
1069 1689 1334 1727 adsecutum?
1392 1689 1495 1728 Mihi

164 1754 236 1793 ista
265 1754 354 1793 licet
385 1756 435 1793 de
467 1767 529 1792 me
559 1767 648 1792 vera
679 1767 768 1792 cum
795 1754 916 1804 gloria
947 1753 1200 1803 praedicare,-
1230 1754 1358 1792 omnis
1388 1755 1492 1793 enim

163 1820 332 1858 honores
355 1821 522 1870 populus
544 1821 750 1858 Romanus
778 1819 873 1857 mihi
903 1819 976 1870 ipsi
1006 1819 1156 1857 homini
1178 1819 1328 1858 detulit.
1388 1821 1491 1858 Nam

107 1900 145 1932 25
163 1892 206 1923 tu
226 1899 316 1923 cum
337 1892 520 1935 quaestor
544 1898 584 1923 es
612 1886 747 1932 factus,
770 1885 887 1923 etiarn
913 1884 981 1935 qui
1003 1892 1040 1923 te
1063 1898 1280 1935 numquam
1301 1885 1489 1933 viderant,

163 1957 294 1988 tamen
316 1949 423 1988 illum
455 1951 646 1987 honorem
676 1949 828 1987 nomini
859 1950 1100 1988 mandabant
1130 1957 1208 1988 tuo.
1270 1950 1420 1989 Aedilis
1450 1965 1491 1989 cs

163 2016 311 2062 factus;
350 2014 441 2052 Piso
476 2022 533 2053 est
562 2028 583 2052 a
613 2015 761 2065 populo
790 2016 974 2053 Romano
1005 2016 1140 2061 factus,
1172 2028 1252 2053 non
1285 2014 1355 2053 iste
1386 2015 1487 2056 Piso.

206 2120 226 2149 8
251 2119 358 2149 iamne
375 2118 417 2152 N,
437 2117 604 2148 Asconius
621 2128 627 2147 :
654 2117 716 2148 iam
737 2121 799 2148 cett.
912 2117 1021 2158 vides]
1041 2119 1148 2149 sentis
1166 2117 1202 2148 N
1352 2119 1489 2158 querela

164 2163 334 2193 hominum
352 2161 383 2191 E
399 2162 523 2200 (contra
538 2161 703 2192 Arusian.
718 2161 763 2192 K.
777 2161 834 2192 vii.
847 2163 926 2200 5043
1052 2172 1085 2192 11
1116 2162 1240 2201 putridi
1259 2161 1359 2200 E42‘2’:
1383 2163 1488 2202 putidi

165 2206 250 2246 (-edi
271 2205 326 2245 M)
345 2208 408 2236 cell.
570 2215 607 2243 14
633 2214 707 2235 eras
732 2203 935 2235 Lallemand
956 2205 1079 2244 (contra
1100 2204 1239 2236 Gellium
1265 2206 1334 2237 xiii.
1359 2216 1408 2244 25.
1430 2208 1485 2245 23*

168 2259 205 2288 15
231 2247 403 2288 noramus]
423 2248 575 2279 novimus
591 2247 628 2277 N
717 2259 760 2278 20
785 2248 986 2279 famosarum
1005 2248 1065 2284 Μμ
1165 2259 1203 2279 21
1231 2249 1431 2287 gloriabitur
1446 2250 1488 2281 (ἴε

164 2292 364 2331 gloriaturi,
383 2291 430 2322 ed.
453 2291 489 2321 V
655 2301 694 2330 24
720 2290 864 2331 homini]
884 2302 950 2322 non
971 2291 1095 2322 nomini
1114 2292 1177 2323 cod.
1203 2292 1334 2323 Vrsini·
1363 2293 1486 2323 homini

166 2345 253 2366 novo
272 2335 447 2366 Manutius
579 2344 620 2374 25
645 2339 679 2365 tu
697 2335 736 2373 ς,
755 2334 943 2376 Naugerius
962 2336 1010 2375 41>
1028 2347 1035 2366 ;
1060 2341 1127 2366 tum
1147 2339 1209 2367 cett.
