1716 2662
466 81 526 119 IN
557 82 600 119 L.
633 80 883 120 PISONEM
912 82 1131 122 ORATIO
1420 91 1476 129 30
1496 95 1536 131 75

142 192 276 231 fuisset
293 195 310 231 ?
352 195 414 230 Tu
435 192 542 243 quid,
559 200 600 231 tu
621 193 726 243 apud
748 206 859 242 quos,
877 200 918 231 tu
939 194 989 230 de
1009 206 1090 242 quo
1110 192 1233 240 dicas,
1253 192 1473 242 intellegis?
1491 202 1536 239 31

142 257 362 307 Complecti
385 257 441 294 vis
469 257 732 307 amplissimos
753 257 854 295 viros
880 258 932 295 ad
962 265 1073 295 tuum
1098 265 1136 295 et
1159 257 1305 295 Gabini
1332 259 1473 305 scelus,

140 335 270 372 neque
304 322 344 361 id
377 324 558 369 occulte3
600 335 692 360 nam
730 324 849 372 paulo
887 331 979 361 ante
1017 322 1147 361 dixisti
1186 336 1249 361 me
1287 336 1378 361 cum
1417 322 1472 361 eis

140 387 350 437 confligere
387 400 488 437 quos
526 386 786 438 despicerem,
818 400 899 425 non
937 387 1127 438 attingere
1165 400 1233 426 eos
1278 387 1346 438 qui
1384 388 1472 438 plus

100 467 118 499 5
139 459 312 501 possent,
336 451 481 502 quibus
510 451 629 490 iratus
659 465 745 491 esse
773 452 971 491 deberem.
1044 452 1225 501 Quorum
1254 452 1472 503 quidem—-

138 515 227 566 quis
259 516 365 555 enim
396 530 477 555 non
506 516 695 567 intellegit
724 530 825 567 quos
853 516 962 556 dicas
975 518 1289 568 ?—quamquam
1311 530 1392 556 non
1412 525 1471 557 est

137 593 256 620 causa
280 594 359 620 una
384 581 575 629 omnium,
598 589 730 620 tamen
757 589 816 620 est
836 581 1016 620 omnium
1043 582 1140 620 mihi
1165 582 1339 633 probata.
1400 585 1469 622 Me
1491 585 1531 629 76

138 646 212 686 Cn.
250 647 463 697 Pompeius
501 646 633 685 multis
668 646 951 686 obsistentibus
990 647 1074 686 eius
1107 661 1198 698 erga
1236 661 1299 687 me
1337 649 1470 688 studio

135 718 256 761 atque
274 711 399 750 amori
419 725 574 763 semper
593 711 742 759 dilexit,
758 725 913 763 semper
933 726 1004 751 sua
1024 713 1306 753 coniunctione
1327 714 1469 764 dignis-

80 794 118 817 10
136 775 281 815 simum
310 776 509 824 iudicavit,
533 791 688 828 semper
716 791 799 816 non
828 779 950 817 modo
979 778 1219 818 incolumem
1250 780 1319 818 sed
1349 779 1466 818 etiam

134 842 423 893 amplissimum
470 851 590 894 atque
636 842 930 882 ornatissimum
969 843 1092 882 voluit
1135 857 1231 883 esse.
1303 846 1467 884 Vestrae

134 909 307 957 fraudes,
332 916 506 947 vestrum
543 910 683 957 scelus,
713 916 864 948 vestrae
902 908 1196 948 criminationes
1236 909 1465 948 insidiarum

135 987 321 1021 mearum,
344 973 447 1012 illius
473 974 736 1024 periculorum
763 973 910 1013 nefarie
937 975 1062 1022 fictae,
1089 974 1205 1012 simul
1235 988 1370 1013 eorum
1397 975 1465 1025 qui

135 1039 405 1078 familiaritatis
435 1039 595 1079 licentia
627 1053 788 1078 suorum
822 1039 1203 1090 improbissimorum
1238 1053 1464 1079 sermonum

78 1121 115 1155 15
135 1105 381 1144 domicilium
419 1105 460 1144 in
496 1105 656 1144 auribus
693 1105 777 1144 eius
820 1105 991 1156 impulsu
1029 1113 1158 1144 vestro
1197 1107 1462 1154 conlocarant,

133 1179 284 1211 vestrae
329 1171 565 1222 cupiditates
610 1171 898 1222 provinciarum
944 1172 1158 1210 effecerunt
1197 1178 1239 1209 ut
1284 1185 1359 1221 ego
1403 1185 1465 1210 ex-

131 1237 312 1276 cluderer
342 1250 565 1287 omnesque
602 1236 670 1286 qui
710 1250 784 1283 me,
817 1235 885 1286 qui
924 1235 1026 1274 illius
1064 1236 1238 1287 gloriam,
1275 1236 1343 1286 qui
1380 1250 1462 1275 rem

131 1301 331 1353 publicam
356 1303 503 1340 salvam
529 1315 616 1340 esse
643 1301 867 1352 cupiebant,
890 1315 1072 1341 sermone
1095 1309 1214 1352 atque
1241 1301 1350 1340 aditu
1376 1315 1462 1352 pro-

130 1366 385 1415 hiberentur3
424 1367 568 1417 quibus
600 1366 717 1405 rebus
751 1374 809 1405 est
841 1368 1057 1416 perfectum
1087 1374 1129 1405 ut
1158 1366 1212 1404 illi
1241 1368 1357 1417 plane
1388 1381 1460 1407 suo
1481 1378 1520 1413 77

72 1447 112 1468 20
131 1439 232 1471 stare
260 1431 408 1470 iudicio
436 1445 517 1470 non
547 1431 690 1478 liceret,
720 1445 810 1469 cum
841 1431 934 1469 certi
965 1431 1145 1470 homines
1175 1445 1256 1470 non
1285 1432 1459 1471 studium

130 1497 212 1536 eius
241 1511 264 1536 a
293 1511 357 1537 me
384 1496 632 1543 alienassent,
663 1498 734 1535 sed
766 1496 953 1534 auxilium
983 1498 1253 1535 retardassent.
1314 1498 1460 1537 Nonne

127 1564 178 1601 ad
212 1571 250 1601 te
284 1564 326 1600 L.
360 1563 561 1608 Lentulus,
594 1560 661 1611 qui
697 1569 778 1599 tum
812 1568 891 1599 crat
924 1568 1088 1610 praetor,
1121 1574 1203 1599 non
1235 1563 1283 1610 Q.
1318 1563 1456 1612 Sanga,

128 1640 209 1665 non
249 1629 292 1665 L.
333 1629 559 1676 Torquatus
602 1633 721 1675 pater,
763 1639 844 1663 non
884 1626 940 1663 M.
983 1627 1170 1663 Lucullus
1209 1626 1344 1665 venit?
1390 1627 1457 1677 qui

128 1705 266 1730 omnes
310 1692 361 1730 ad
399 1705 490 1730 eum
530 1690 723 1740 multique
763 1691 946 1728 mortales
985 1698 1138 1728 oratum
1177 1690 1216 1728 in
1256 1692 1456 1731 Albanum

68 1775 106 1808 25
127 1757 457 1807 obsecratumque
495 1763 682 1795 venerant
721 1763 763 1793 ut
802 1768 852 1793 ne
892 1768 997 1793 meas
1043 1756 1217 1793 fortunas
1262 1757 1457 1796 desereret

126 1835 217 1861 cum
248 1822 302 1860 rei
336 1821 518 1872 publicae
555 1823 679 1859 salute
713 1820 954 1859 coniunctas.
1017 1821 1128 1869 Quos
1163 1820 1227 1859 ille
1259 1821 1311 1859 ad
1345 1828 1382 1860 te
1417 1828 1456 1860 et

124 1888 176 1926 ad
195 1895 307 1925 tuum
327 1887 533 1936 conlegam
554 1885 715 1932 remisit,
731 1893 773 1923 ut
793 1898 951 1924 causam
974 1884 1173 1935 publicam
1194 1885 1452 1936 susciperetis,

125 1959 167 1989 ut
191 1952 241 1989 ad
268 1958 447 1989 senatum
476 1950 691 1997 referretis;
725 1963 767 1987 se
796 1956 932 1987 contra
957 1956 1151 1986 armatum
1176 1949 1374 1987 tribunum
1400 1951 1450 2000 pl.

173 2066 182 2085 1
212 2054 346 2095 suisset]
365 2053 424 2085 suit
441 2053 565 2084 Miiller
649 2053 728 2092 quid
746 2053 799 2083 E:
823 2052 956 2092 quidem
975 2055 1038 2083 cell.
1124 2057 1158 2082 tu
1175 2052 1217 2082 (le
1234 2051 1278 2082 Ee
1293 2064 1300 2082 τ
1325 2054 1366 2083 de
1382 2057 1446 2084 cett.

125 2109 144 2128 2
169 2098 345 2137 complecti
364 2098 416 2128 vis
435 2097 486 2128 E:
511 2096 749 2136 complecteris
766 2099 831 2126 cett.
903 2105 923 2135 3
949 2105 1078 2125 mecum
1098 2095 1160 2125 hos
1177 2094 1210 2125 E
1270 2106 1288 2133 4
1306 2105 1447 2135 quos...

125 2143 294 2180 attingere
310 2152 376 2171 om.
395 2140 431 2170 N
510 2151 527 2179 7
556 2150 656 2171 causa
674 2150 739 2170 una
752 2139 803 2169 P:
828 2149 893 2169 una
910 2148 1009 2168 causa
1026 2142 1092 2169 cett.
1175 2139 1195 2168 8
1216 2148 1295 2177 erga
1311 2149 1363 2168 me
1377 2140 1451 2170 cius

125 2184 157 2214 P
247 2194 285 2222 13
310 2183 473 2223 mearum]
503 2189 636 2214 vestrae
661 2182 863 2222 cupiditates
889 2182 1136 2220 provinciarum
1161 2181 1348 2212 effecerunt
1372 2182 1448 2214 add.

124 2227 212 2258 codd.
235 2227 353 2266 (deficit
367 2226 400 2257 P
403 2235 425 2266 ),
437 2230 514 2266 post
529 2226 739 2257 conlocarant
755 2223 1097 2264 transtulitAngelius
1204 2234 1242 2263 15
1259 2225 1450 2256 colocarant

123 2270 173 2305 P:
200 2270 449 2302 collocaverunt
464 2271 592 2311 (-arunt
609 2270 661 2309 ><²)
680 2272 744 2300 cett.
862 2278 901 2306 19
916 2273 1004 2298 stare
1022 2268 1055 2297 in
1074 2276 1136 2297 suo
1154 2267 1186 2297 P
1280 2278 1321 2307 25
1346 2273 1382 2299 ut
1400 2268 1448 2300 P:

79 2352 82 2356 ι
122 2324 186 2345 om.
205 2317 268 2345 cett.
401 2323 441 2352 27
467 2313 595 2344 remisit
619 2323 685 2344 om.
702 2311 736 2343 E
857 2312 899 2342 28
917 2316 951 2341 ut
969 2332 977 2341 .
997 2334 1026 2342 ..
1046 2311 1218 2342 referretis
1238 2311 1296 2344 del.
1319 2311 1439 2344 Mt'c‘ller

169 2376 235 2398 cic.
257 2376 293 2397 rx
312 2376 461 2398 Pisonem
1372 2374 1414 2403 19
