1747 2620
193 124 216 162 7

179 629 214 662 ¹9

196 879 219 916 8

179 1220 218 1241 20

183 1744 215 1765 21

240 123 277 153 18
600 116 656 152 M.
689 114 857 150 TVLLI
889 111 1195 151 CICERONIS

233 225 341 265 omni
381 239 461 264 non
501 226 622 263 modo
661 223 808 263 invidia
846 225 915 262 sed
955 237 1135 262 sermone
1175 222 1456 270 malivolorum,
1491 220 1565 260 nisi

233 291 387 330 cavetis.
430 291 469 329 Si
491 290 567 328 iam
595 291 707 328 vobis
731 289 976 327 nuntiaretur
1006 289 1044 326 in
1076 296 1213 327 senatu
1244 287 1459 327 sententias
1487 286 1565 325 dici

233 364 275 394 ut
305 358 363 393 liis
391 356 542 405 legibus
575 354 817 402 teneremini,
847 355 1163 392 concurrendum
1193 354 1244 391 ad
1279 352 1425 390 curiam
1458 359 1566 402 puta-

234 421 350 468 retis3
379 420 409 458 si
440 423 501 459 lex
527 422 698 467 ferretur,
729 418 989 458 convolaretis
1019 419 1070 456 ad
1100 425 1232 456 rostra.
1293 419 1376 455 Vos
1408 424 1566 455 senatus

232 485 375 524 liberos
407 487 481 524 hac
518 487 604 535 lege
637 498 723 523 esse
751 484 884 530 voluit,
915 485 1084 534 populus
1118 496 1336 532 numquam
1370 481 1564 531 adligavit,

234 551 350 590 soluti
390 553 467 589 huc
515 549 779 597 convenistis3
837 564 887 588 ne
926 547 1126 587 constricti
1165 546 1376 586 discedatis
1419 554 1565 585 cavete.

237 619 351 664 Nam,
386 616 417 655 si
439 618 629 654 Postumo
661 614 787 653 fraudi
817 614 941 661 fuerit,
966 613 1032 664 qui
1060 627 1133 651 nec
1161 612 1339 650 tribunus
1368 626 1441 650 nec
1461 625 1567 662 prae-

235 683 359 721 fectus
397 695 472 720 nec
509 694 557 719 ex
596 679 710 719 Italia
750 693 885 718 comes
931 693 1005 718 nec
1050 677 1248 716 familiaris
1294 676 1439 716 Gabini
1483 676 1564 723 fuit,

235 761 409 799 quonam
449 761 491 786 se
530 748 652 785 modo
699 746 917 784 defendent
954 745 1119 795 posthac
1164 742 1232 793 qui
1269 742 1385 781 vestri
1419 741 1568 781 ordinis

236 829 326 853 cum
356 812 645 864 magistratibus
674 811 817 850 nostris
847 810 989 849 fuerint
1018 809 1078 848 his
1108 809 1235 848 causis
1265 807 1485 859 implicati?

295 881 405 927 ‘Tu‚’
439 878 577 929 inquit,
609 877 848 917 ‘Gabinium
880 884 922 915 ut
956 889 1086 927 regem
1120 876 1323 914 reduceret
1355 872 1568 924 impulisti.'

241 948 331 985 Non
364 944 507 996 patitur
537 957 625 982 mea
654 957 718 982 me
747 943 824 981 iam
855 943 953 981 fides
982 943 1033 980 de
1063 939 1236 980 Gabinio
1262 939 1415 990 gravius
1441 952 1565 989 agere.

238 1013 370 1060 Quem
391 1010 497 1049 enim
527 1023 574 1048 ex
603 1008 721 1047 tantis
748 1006 961 1046 inimicitiis
989 1013 1190 1057 receptum
1219 1005 1259 1044 in
1283 1004 1445 1055 gratiam
1467 1018 1569 1042 sum-

238 1091 302 1115 mo
332 1075 464 1114 studio
493 1073 749 1120 defenderim,
777 1075 883 1111 hunc
912 1071 1116 1111 adflictum
1144 1071 1288 1110 violare
1312 1084 1392 1109 non
1425 1070 1565 1109 debeo.

239 1144 423 1191 Quocum
446 1155 509 1179 me
530 1140 561 1179 si
581 1147 673 1178 ante
699 1141 771 1179 Cn.
797 1137 962 1188 Pompei
990 1136 1202 1176 auctoritas
1229 1137 1269 1175 in
1293 1135 1455 1186 gratiam
1485 1149 1566 1174 non

238 1207 465 1253 reduxisset,
488 1219 595 1244 nunc
622 1205 699 1243 iam
725 1203 846 1255 ipsius
876 1205 1033 1241 fortuna
1061 1203 1275 1240 reduceret.
1322 1202 1401 1240 Sed
1422 1208 1565 1247 tamen,

238 1287 327 1311 cum
350 1272 402 1310 ita
423 1271 532 1317 dicis,
553 1269 728 1308 Postumi
746 1268 916 1319 impulsu
934 1266 1150 1306 Gabinium
1168 1268 1387 1317 profectum
1403 1267 1569 1304 Alexan-

237 1340 381 1385 dream,
417 1337 447 1375 si
487 1334 709 1375 defensioni
751 1333 896 1372 Gabini
930 1334 1048 1371 sidem
1088 1346 1168 1370 non
1200 1332 1333 1379 habes,
1367 1330 1570 1369 oblivisce-

237 1404 339 1442 risne
383 1403 501 1441 etiam
542 1399 804 1439 accusationis
835 1400 965 1436 tuae?
1039 1397 1231 1436 Gabinius
1270 1410 1311 1435 se
1350 1396 1390 1435 id
1430 1395 1568 1434 fecisse

237 1469 393 1508 dicebat
418 1467 471 1506 rei
497 1466 679 1517 publicae
707 1478 834 1511 causa,
859 1464 967 1514 quod
994 1465 1159 1501 classem
1189 1461 1371 1500 Archelai
1401 1460 1566 1507 timeret,

237 1535 345 1584 quod
379 1546 483 1571 mare
515 1533 698 1570 refertum
734 1531 814 1568 fore
844 1530 1089 1579 praedonum
1123 1535 1303 1577 putaret3
1333 1528 1418 1576 lege
1450 1526 1566 1564 etiam

237 1600 278 1639 id
310 1599 383 1637 sibi
419 1597 573 1636 licuisse
608 1596 776 1635 dicebat.
837 1596 899 1632 Tu
933 1593 1114 1631 inimicus
1147 1607 1276 1642 negas.
1324 1594 1504 1642 Ignosco,
1531 1599 1570 1630 et

239 1680 287 1705 eo
320 1664 442 1715 magis
476 1664 585 1714 quod
620 1670 677 1701 est
709 1668 846 1700 contra
880 1659 976 1698 illud
1011 1659 1237 1698 iudicatum.
1289 1659 1429 1697 Redeo
1456 1657 1571 1708 igitur

239 1732 290 1769 ad
311 1730 458 1769 crimen
480 1737 516 1767 et
531 1727 823 1766 accusationem
842 1734 959 1764 tuam.
997 1724 1105 1773 Quid
1123 1724 1409 1763 vociferabare?
1429 1724 1568 1762 decem

241 1795 346 1834 milia
377 1796 568 1833 talentum
601 1792 773 1831 Gabinio
808 1805 893 1830 esse
927 1790 1128 1841 promissa.
1200 1792 1350 1828 Auctor
1386 1788 1569 1828 videlieet
1591 1802 1605 1823 2

240 1860 477 1911 perblandus
499 1858 751 1909 reperiendus
767 1856 838 1895 fuit
859 1856 926 1906 qui
947 1855 1164 1903 hominem,
1185 1862 1226 1893 ut
1248 1862 1288 1893 tu
1309 1855 1376 1902 vis,
1399 1852 1571 1893 avarissi-

240 1939 348 1964 mum
370 1931 554 1971 exoraret‚
572 1925 642 1962 HS
670 1922 728 1961 bis
751 1921 905 1961 miliens
926 1928 964 1960 et
986 1919 1334 1971 quadringentiens
1359 1932 1402 1958 ne
1426 1932 1570 1969 magno

283 2042 301 2069 4
328 2031 471 2061 serretur
486 2028 672 2070 Angelius:
705 2028 886 2059 referretur
913 2026 1015 2067 (conf.
1034 2026 1071 2068 μ)
1096 2026 1209 2058 codd.:
1241 2038 1281 2058 ea
1304 2027 1345 2058 de
1369 2037 1404 2058 rc
1425 2026 1571 2057 ferretur

240 2074 428 2105 Mommsen
531 2074 551 2103 8
575 2083 618 2103 ex
637 2071 732 2103 Italia
751 2071 810 2103 del.
829 2071 993 2102 Patricius
1107 2081 1145 2101 10
1172 2071 1362 2110 fuerintp‘s
1378 2082 1384 2101 :
1408 2070 1501 2101 suere
1519 2072 1544 2098 Ω
1564 2081 1570 2099 ;

241 2119 375 2149 fuerunt
391 2121 454 2149 cett.
551 2127 589 2147 12
614 2127 687 2146 mea
708 2126 761 2146 me
781 2116 845 2146 iam
863 2115 1016 2146 Muretus
1031 2126 1037 2145 :
1064 2114 1162 2146 etiam
1181 2126 1255 2145 mea
1266 2120 1338 2154 fulc,
1355 2124 1427 2144 mea
1437 2114 1520 2154 (-am
1533 2113 1569 2152 o)

240 2162 342 2192 ctiam
370 2164 433 2192 cell.
572 2171 610 2199 13
632 2160 753 2200 tantis]
774 2159 883 2190 tacitis
901 2162 926 2189 Ω
1038 2168 1073 2196 14
1097 2158 1307 2189 defenderim
1321 2157 1428 2198 pqu‘ss:
1453 2156 1570 2187 defen-

241 2206 356 2235 derem
374 2204 508 2245 (-dente
526 2203 581 2241 52¹)
600 2207 664 2235 cell.
774 2213 811 2242 15
837 2213 889 2233 me
907 2207 1051 2234 stantem
1068 2202 1156 2232 codd.
1173 2214 1179 2234 :
1206 2213 1284 2233 corr.
1303 2201 1443 2241 Madmg
1532 2201 1570 2229 16

242 2259 329 2279 nunc
353 2260 385 2279 c:
423 2249 510 2278 hunc
528 2251 591 2279 cetl.
748 2257 784 2286 17
812 2245 1054 2277 Alexandriam
1079 2245 1166 2276 codd.
1190 2247 1248 2283 (ila
1277 2247 1314 2283 ἕξ
1345 2247 1398 2278 26,
1429 2253 1481 2283 35,
1510 2242 1568 2283 39)

242 2303 284 2322 20
308 2291 476 2322 marchilei
489 2291 579 2323 codd.
599 2302 605 2321 :
631 2302 710 2321 corr.
731 2290 776 2321 cd.
797 2290 944 2328 Hrrvag.
1061 2299 1101 2327 24
1130 2290 1227 2330 quid]
1246 2290 1300 2328 qui
1326 2300 1391 2328 mg.
1412 2286 1573 2318 Lambini

243 2344 284 2374 25
308 2336 433 2366 talenta
458 2334 546 2365 codd.
568 2345 574 2364 :
596 2345 672 2365 corr.
696 2333 884 2373 Naugcrz'us
905 2333 955 2372 (ε’)
1109 2338 1225 2364 auctor
1241 2332 1376 2373 scripsi:
1400 2331 1477 2361 huic
1497 2330 1567 2371 (hui

242 2379 278 2414 ις’,
306 2379 490 2415 Turnebus)
510 2378 597 2409 codd.
691 2379 732 2407 26
757 2387 934 2416 persuasor
955 2375 1098 2407 blandus
1115 2377 1180 2408 cod.
1201 2374 1391 2407 Holomam'
1528 2383 1567 2412 27

244 2422 305 2454 115
323 2433 387 2454 om.
409 2425 495 2463 npqs
606 2422 655 2463 et]
676 2422 735 2452 scd
754 2420 909 2461 sshnpqglst
1028 2431 1069 2451 ne
1085 2420 1191 2462 suppl.
1211 2420 1373 2462 Angelius

1591 820 1628 842 10

1591 1146 1628 1179 15

1590 1473 1629 1495 20
