1716 2662
439 102 548 141 PRO
579 104 627 140 A.
659 101 909 142 CAECINA
939 103 1156 142 ORATIO
1380 112 1433 140 20
1455 109 1496 150 58

115 213 321 265 aequitatis
357 214 465 262 ratio,
499 228 544 253 ea
576 214 774 253 intellecta
806 221 909 253 certe
942 213 1038 252 nihil
1072 215 1124 253 ad
1157 227 1239 253 rem
1275 215 1441 266 pertinet

115 287 216 330 quae
236 279 444 318 verborum
466 279 522 318 vis
543 279 591 318 sit
610 293 656 318 ac
677 280 898 319 nominum.
954 281 1055 318 Tam
1086 279 1265 319 restitues
1296 280 1326 318 si
1354 288 1442 319 tuus

116 357 180 382 me
209 344 368 383 libertus
399 344 583 383 deiecerit
614 344 708 383 nulli
740 353 808 383 tuo
843 344 1088 395 praepositus
1122 345 1291 395 negotio,
1323 359 1441 395 quam

116 408 147 446 si
176 417 404 459 procurator
431 409 616 448 deiecerit
632 424 642 457 ;
681 423 762 448 non
789 423 872 460 quo
899 423 1036 448 omnes
1067 410 1143 448 sint
1173 418 1443 461 procuratores

79 490 96 522 5
116 473 183 524 qui
217 474 365 525 aliquid
395 475 517 513 nostri
549 475 680 525 negoti
715 483 864 525 gerunt,
897 477 967 514 sed
996 477 1105 526 quod
1135 477 1201 514 hoc
1230 476 1270 514 in
1300 477 1373 514 hac
1403 490 1443 515 re

116 539 249 589 quaeri
276 540 373 578 nihil
402 540 550 579 attinet.
611 542 712 578 Tam
733 540 912 578 restitues
933 540 963 578 si
988 554 1089 579 unus
1115 542 1299 587 servolus,
1323 554 1442 590 quam

116 604 148 642 si
174 604 320 644 familia
346 605 478 644 fecerit
505 605 710 653 universa3
739 619 820 644 non
841 619 921 656 quo
950 605 1055 644 idem
1078 606 1125 644 sit
1147 607 1320 644 servolus
1342 619 1443 644 unus

115 671 225 720 quod
243 670 400 717 familia,
417 684 552 709 verum
573 672 666 721 quia
685 684 766 708 non
786 670 930 720 quibus
947 671 1074 709 verbis
1096 671 1272 721 quidque
1293 670 1445 709 dicatur

116 735 323 785 quaeritur,
347 736 416 774 sed
447 749 548 785 quae
577 750 637 774 res
666 743 810 786 agatur.
873 735 1015 782 Etiam,
1037 744 1079 774 ut
1107 736 1260 786 longius
1281 750 1304 774 a
1323 736 1444 774 verbo

60 816 98 838 10
116 802 356 848 recedamus,
377 801 428 839 ab
447 800 645 851 aequitate
665 815 715 840 ne
735 803 930 839 tantulum
952 801 1124 852 quidem,
1149 801 1180 840 si
1200 809 1290 840 tuus
1311 815 1443 840 servus

116 867 246 904 nullus
276 865 389 904 fuerit
416 873 453 904 et
479 879 616 905 omnes
641 866 758 904 alieni
787 880 833 905 ac
861 866 1129 914 mercennarii,
1153 874 1286 905 tamen
1307 866 1341 905 ei
1371 865 1443 916 ipsi

116 938 207 969 tuae
226 930 396 969 familiae
415 944 556 981 genere
577 938 615 969 et
635 930 796 969 nomine
817 930 1134 970 continebuntur.
1186 933 1308 982 Perge
1328 944 1444 981 porro

117 997 194 1035 hoc
250 996 355 1035 idern
413 995 666 1035 interdictum
725 995 847 1046 sequi.
927 999 1185 1035 ‘HOMINIBVS
1247 997 1444 1035 COACTIS!

119 1060 330 1100 Neminem
351 1061 534 1111 coegeris,
558 1061 631 1111 ipsi
652 1061 908 1100 convenerint
929 1075 999 1100 sua
1020 1070 1160 1112 sponte
1175 1076 1186 1110 ‚·
1215 1069 1319 1100 certe
1339 1061 1445 1111 cogit

62 1144 97 1176 ¹5
117 1125 150 1165 is
178 1125 244 1177 qui
270 1134 482 1177 congregat
509 1126 691 1165 homines
721 1134 759 1165 et
787 1135 1005 1174 convocat3
1038 1127 1165 1166 coacti
1196 1135 1286 1165 sunt
1315 1126 1350 1166 ei
1378 1126 1445 1177 qui

117 1191 167 1230 ab
193 1191 326 1242 aliquo
355 1199 446 1230 sunt
472 1206 594 1230 unum
623 1193 662 1230 in
690 1193 822 1230 locum
850 1192 1083 1243 congregati.
1144 1192 1183 1231 Si
1213 1206 1294 1231 non
1324 1193 1446 1231 modo

117 1259 323 1297 convocati
355 1273 435 1298 non
471 1267 571 1307 sunt,
607 1260 678 1298 sed
712 1274 762 1298 ne
797 1267 1067 1299 convenerunt
1099 1257 1273 1309 quidem,
1307 1259 1376 1297 sed
1411 1257 1446 1296 ei

119 1325 240 1363 modo
274 1325 431 1362 fuerunt
469 1324 536 1375 qui
571 1324 689 1363 etiam
723 1334 839 1365 antea
873 1339 955 1364 non
989 1324 1045 1363 vis
1081 1332 1124 1363 ut
1159 1325 1278 1371 fieret,
1311 1336 1445 1363 verum

119 1389 283 1428 colendi*
295 1397 361 1428 aut
382 1390 570 1440 pascendi
591 1404 709 1429 causa
725 1404 810 1429 esse
826 1390 975 1441 inragro
991 1397 1238 1436 consuerant,
1255 1389 1446 1427 defendes

62 1471 101 1492 20
120 1454 301 1493 homines
327 1463 485 1494 coactos
514 1469 595 1494 non
624 1455 752 1503 fuisse,
775 1463 815 1494 et
834 1456 954 1494 verbo
975 1455 1137 1506 quidem
1159 1454 1361 1505 superabis
1383 1467 1446 1492 rne

119 1519 206 1570 ipso
226 1519 366 1567 iudice,
389 1534 429 1560 re
447 1529 580 1560 autem
602 1535 652 1559 ne
672 1520 863 1560 consistes
883 1521 1046 1572 quidem
1068 1522 1148 1558 ullo
1169 1519 1310 1558 iudice.
1352 1519 1444 1557 Vim

119 1586 224 1624 enim
245 1585 507 1632 multitudinis
532 1586 681 1625 restitui
698 1588 921 1633 voluerunt,
945 1600 1026 1624 non
1051 1587 1179 1624 solum
1204 1589 1449 1624 convocatae

119 1649 380 1689 multitudinis
396 1652 534 1699 315ed5‘
556 1650 654 1702 vquia
683 1653 916 1702 plerumque
947 1650 1016 1690 ubi
1045 1643 1308 1689 ⁸multitudine
1336 1647 1450 1701 -opus

119 1724 178 1754 est
206 1715 387 1755 homines
407 1716 500 1767 ¹‘cogi
518 1716 850 1764 solent‚1ide0‘-dej
866 1717 1013 1755 coactis
1040 1715 1317 1766 compositum·
1334 1715 1450 1754 inter-⁶

61 1796 103 1830 25
121 1780 270 1820 dictum
291 1789 353 1820 est
364 1795 379 1829 ;
393 1782 510 1832 quod
527 1781 649 1828 *etiam
670 1781 701 1820 si
718 1781 1008 1820 verbodifferre
1020 1780 1238 1828 'videbitun'
1253 1786 1294 1822 re
1309 1785 1451 1819 tamen

120 1846 191 1885 erit
212 1859 333 1884 unum
355 1853 394 1884 et
413 1846 598 1885 omnibus
618 1846 658 1884 in
680 1846 806 1884 causis
828 1846 934 1885 idem
955 1844 1114 1894 valebit,
1135 1845 1175 1884 in
1195 1846 1339 1896 'quibus
1366 1860 1449 1895 per-

119 1910 279 1961 spicitur
306 1925 384 1949 una
409 1919 528 1961 atque
558 1913 697 1950 eadem
727 1925 845 1950 causa
879 1911 1098 1961 aequitatis.
1161 1913 1448 1950 ‘ARMATISVEJ

120 1975 228 2025 Quid
262 1975 469 2014 dicemus?
511 1984 691 2022 armatos,
730 1976 761 2014 si
797 1976 936 2015 Latine
975 1976 1083 2025 loqui
1118 1977 1310 2023 volumus,
1347 1990 1446 2025 quos
1466 1988 1507 2019 60

119 2042 315 2092 appellare
334 2055 423 2080 vere
452 2042 694 2092 possumus?
751 2041 905 2092 Opinor
934 2055 1001 2080 eos
1033 2040 1100 2091 qui
1131 2041 1250 2079 scutis
1280 2041 1446 2091 telisque

1463 912 1507 940 21

1466 972 1506 1005 59

161 2155 183 2184 5
208 2150 323 2184 gerant
342 2144 472 2176 Ernesti
585 2145 648 2176 hoc
664 2146 820 2186 supplevi,
841 2145 878 2185 cf
901 2149 937 2183 ἐξ
957 2147 1009 2185 67,
1033 2155 1089 2176 101
1114 2146 1160 2185 (id
1178 2145 1280 2186 suppl.
1294 2144 1444 2185 Jordan)

121 2198 138 2227 7
164 2189 296 2230 fecerit]
317 2189 478 2219 deiecerit
495 2189 687 2229 Naugerius
705 2190 756 2230 (Ι)
834 2199 919 2220 unus
941 2189 1019 2219 TE:
1043 2200 1109 2220 om.
1129 2193 1192 2220 felt.
1307 2199 1328 2228 9
1346 2189 1445 2219 etiam

120 2232 310 2273 Naugerius
329 2233 378 2272 (ι)
397 2242 403 2262 :
427 2233 527 2263 etiam
545 2233 573 2263 si
591 2232 679 2264 codd.
814 2244 853 2264 10
877 2243 919 2263 ne
943 2232 1018 2264 TE:
1045 2243 1112 2263 non
1131 2236 1197 2262 cett.
1334 2243 1367 2262 11
1395 2232 1444 2272 et]

121 2276 180 2306 sed
198 2276 383 2306 Lambinus
493 2276 523 2306 ei
540 2273 649 2306 Ilalm
664 2287 670 2306 :
697 2280 730 2306 et
747 2275 835 2307 codd.
947 2276 1027 2316 ipsi]
1046 2275 1134 2306 servi
1152 2274 1228 2306 add.
1247 2274 1336 2306 codd.
1355 2284 1362 2306 ε
1387 2274 1455 2306 del..

120 2318 309 2359 Naugerius
328 2321 378 2360 (ι)
487 2330 525 2351 12
549 2330 675 2358 genere
698 2319 774 2350 TE:
799 2324 832 2350 et
848 2329 976 2359 genere
997 2323 1064 2352 cett.
1170 2329 1208 2358 13
1232 2319 1385 2359 sequitur
1400 2316 1448 2349 c¹k

126 2373 164 2401 14
187 2363 273 2402 cogit
288 2363 414 2404 (coegit
431 2363 458 2403 c)
483 2362 593 2395 TE5’:
617 2364 768 2402 coegerit
787 2364 846 2404 (-is
863 2363 914 2403 M)
935 2367 1000 2394 cett.
1094 2373 1133 2402 19
1156 2367 1402 2394 consueverant
1418 2362 1448 2394 ‘a‘

122 2417 162 2446 27
188 2407 258 2448 -ve]
277 2417 355 2447 -que
371 2406 543 2439 Hotoman
691 2408 733 2438 28
757 2407 847 2447 loqui
865 2406 1032 2446 volumus]
1051 2406 1221 2446 loquimur
1237 2407 1266 2438 ⁶,-
