1747 2620
797 26 1115 66 PRAEFATIO

295 136 362 187 qui
396 135 590 175 orationes
624 149 693 186 pro
725 136 867 174 Flacco
898 142 935 174 et
964 135 1003 174 in
1040 135 1223 175 Pisonem
1255 134 1460 174 continent
1494 136 1615 174 incre-

296 202 405 240 dibili
436 202 636 252 diligentia
665 210 926 251 comparatam
962 202 1147 252 permisit.
1207 203 1345 240 Restat
1377 201 1545 240 Iacobus
1575 202 1611 240 S.

299 267 400 306 Reid
435 266 778 316 Cantabrigiensis,
816 268 871 304 vir
909 266 948 304 in
987 268 1062 305 hoc
1101 279 1243 316 genere
1279 267 1385 316 apud
1425 272 1614 304 nostrates

296 332 561 378 doctissimus,
585 331 652 370 otii
673 331 731 370 sui
753 331 948 381 prodigus,
972 345 1088 381 quem
1111 340 1148 370 et
1173 345 1240 382 per
1259 330 1404 370 litteras
1425 337 1464 369 et
1483 343 1614 369 coram

297 398 428 437 multis
448 399 498 437 de
518 397 612 436 locis
636 399 838 436 consulere
861 397 953 434 mihi
975 397 1147 446 contigit.

1376 473 1422 510 A.
1445 471 1491 510 C.
1513 470 1558 511 C.

336 582 523 615 Scribebam
543 582 663 613 Oxonii

425 637 535 668 Mense
552 637 712 668 Ianuario
731 646 908 668 moccccix.

336 948 553 989 Palimpsesti
578 949 639 991 (P)
666 949 698 980 in
725 949 917 988 Pisoniana,
936 949 1061 981 codicis
1085 949 1240 982 Vaticani
1264 949 1325 990 (V)
1348 952 1381 982 in
1406 950 1612 982 orationibus

290 1003 350 1033 pro
376 992 494 1024 Flacco
518 998 550 1024 et
569 994 601 1024 in
626 993 781 1024 Pisonem
807 994 927 1025 multas
951 995 1115 1025 lectiones
1136 1004 1156 1025 a
1178 995 1345 1035 prioribus
1366 995 1540 1032 neglectas
1560 995 1613 1026 vel

290 1046 470 1075 perperam
488 1037 627 1067 traditas
645 1037 857 1068 confirmavit
876 1037 935 1069 Ed.
955 1038 1100 1076 Strobel,
1120 1048 1218 1078 quem
1238 1038 1360 1078 ubique
1383 1048 1516 1078 sequor.
1564 1037 1612 1076 Cf.

290 1079 416 1110 Bldtler
427 1081 459 1120 f.
487 1080 517 1111 d.
546 1081 615 1119 hay.
647 1079 767 1122 Gymn.
797 1091 874 1113 xxv.
906 1082 1035 1122 (1889),
1055 1086 1110 1122 pp.
1138 1082 1308 1122 381-3863
1343 1081 1535 1122 Philologus
1565 1081 1610 1114 lii.

281 1124 486 1164 -(1893)‚pp,
507 1133 668 1163 490-495-

333 1178 491 1210 Codicem
531 1179 765 1210 Erfurtensem
806 1179 867 1220 (E)
907 1179 1033 1219 aliquot
1072 1180 1154 1211 locis
1194 1190 1268 1211 meo
1308 1184 1425 1219 rogatu
1465 1180 1614 1220 inspexit

289 1222 326 1253 C.
347 1219 562 1261 ssrinckinan,
584 1223 825 1261 Berolinensis,
849 1222 927 1253 olim
951 1224 1016 1253 mei
1035 1223 1182 1261 Collegii
1204 1224 1369 1254 alumnus.
1419 1223 1498 1254 Eius
1519 1224 1611 1254 testi-

290 1266 402 1296 monio
425 1266 529 1297 fretus
548 1267 609 1297 has
632 1266 795 1297 lectiones
817 1267 850 1296 in
874 1267 937 1297 hoc
960 1266 1075 1297 codice
1093 1266 1233 1297 invenir'i
1253 1267 1414 1297 confirmo
1430 1291 1438 1298 .
1464 1267 1552 1299 Rull.
1578 1267 1609 1298 ii.

290 1319 331 1348 34
362 1309 486 1348 accedit,
525 1320 563 1349 74
596 1320 660 1342 om,
691 1310 829 1350 possint,
864 1310 905 1349 87
937 1311 1060 1350 eripere,
1097 1310 1163 1342 Pis,
1200 1320 1238 1340 12
1269 1311 1400 1342 consilia
1433 1311 1530 1351 inest,
1569 1311 1613 1341 86

288 1352 483 1393 apollz'm'ale.

332 1407 470 1438 Codicis
502 1407 675 1438 Harleiani
703 1407 770 1448 (H)
797 1407 961 1439 lectiones
989 1408 1115 1446 aliquot
1144 1409 1196 1438 vel
1226 1409 1259 1438 in
1287 1408 1473 1439 Anecdotis
1501 1408 1553 1439 vel
1580 1409 1611 1439 in

288 1450 497 1481 editionibus
520 1451 602 1482 meis
623 1456 679 1482 aut
698 1461 771 1481 mea
791 1455 847 1481 aut
867 1452 1121 1490 typothetarum
1144 1452 1270 1482 incuria
1290 1452 1452 1482 mendose
1473 1452 1613 1482 traditas

292 1494 380 1526 hanc
404 1494 620 1525 occasionem
644 1499 761 1525 nactus
788 1494 932 1532 corrigo.
993 1494 1029 1524 In
1056 1495 1260 1534 Pompeiana
1282 1497 1297 1532 §
1319 1505 1357 1533 13
1381 1495 1489 1526 codex
1514 1496 1613 1526 habet

291 1536 380 1576 quod
401 1537 436 1568 id
458 1537 603 1575 tandem,
630 1540 645 1574 §
670 1539 708 1567 18
728 1538 854 1577 partim
878 1548 990 1568 eornm
1010 1539 1076 1577 qni,
1105 1541 1119 1575 ξ
1137 1539 1179 1577 56
1204 1548 1263 1568 nos
1287 1561 1294 1569 .
1322 1561 1329 1570 .
1355 1561 1362 1569 .
1391 1538 1554 1576 vz'demim,
1581 1539 1612 1569 in

292 1579 475 1610 Miloniana
507 1584 522 1617 ξ
550 1591 590 1619 74
619 1580 824 1620 terminabat,
856 1584 870 1617 ξ
899 1590 937 1619 75
961 1582 1134 1611 cessissent.
1194 1580 1231 1611 In
1258 1581 1428 1611 Rosciana
1452 1581 1609 1619 siglorum

290 1623 432 1661 quadam
461 1623 657 1653 confusione
685 1623 847 1662 deceptus
876 1624 916 1653 de
946 1624 1072 1654 codicis
1099 1635 1122 1652 ω
1154 1624 1317 1663 scriptura
1345 1629 1464 1662 quater
1494 1625 1611 1656 erravi.

293 1665 344 1695 Re
366 1676 443 1696 vera
465 1666 566 1696 habet
588 1669 603 1704 ξ
627 1667 664 1696 16
680 1670 776 1705 atque
794 1676 832 1696 ex
850 1667 950 1703 omni,
970 1669 985 1703 ξ
1006 1669 1045 1705 76
1067 1667 1164 1697 lamo
1187 1671 1224 1697 ut
1241 1667 1326 1704 (sine
1343 1667 1427 1706 qui),
1448 1669 1463 1703 ξ
1482 1668 1523 1697 80
1538 1678 1614 1708 ergo

290 1712 336 1738 est
351 1719 424 1748 quc),
446 1711 460 1745 ξ
483 1718 542 1747 113
559 1713 652 1739 recle:
678 1719 763 1747 quae
788 1710 908 1739 menda
932 1709 963 1739 in
990 1720 1078 1740 nova
1102 1710 1173 1740 eius
1194 1710 1369 1741 voluminis
1392 1710 1612 1749 impressione

291 1762 377 1791 quae
395 1762 414 1782 e
431 1752 524 1792 prelo
540 1752 604 1782 iam
622 1752 685 1782 iam
704 1752 835 1783 exitura
851 1757 901 1783 est
918 1752 1063 1784 correxi.

921 2311 979 2349 xvi
