1747 2620
674 47 993 87 PRAEFATIO

179 168 275 201 cem,
299 166 416 204 quem
437 152 514 192 alio
534 152 647 191 loco¹
667 152 820 202 plenius
836 149 1035 200 descripsi,
1053 148 1197 189 librarii
1213 149 1341 198 plures
1357 146 1498 197 raptim

178 225 439 258 exaraverunt.
500 218 621 266 Quod
640 217 692 255 ad
712 216 1028 266 orthographiam
1049 214 1188 253 attinet
1209 214 1332 251 multa
1351 210 1498 261 ubique

178 290 385 323 occurrunt
414 297 437 322 a
465 296 603 322 norma
633 283 832 332 Poggiana
863 293 1019 332 prorsus
1054 278 1209 327 aliena,²
1243 279 1347 316 velut
1376 277 1497 324 michi,

179 350 301 396 nichil,
325 350 466 398 ytalia,
487 362 637 398 ymago,
670 356 712 392 ut
740 346 814 385 alia
845 359 950 384 nunc
982 344 1173 383 omittam.
1234 344 1282 381 In
1314 343 1390 381 fine
1419 354 1500 380 ora-

178 413 293 452 tionis
314 426 384 463 pro
405 414 454 462 Q.
474 412 621 451 Roscio
637 413 760 462 prima
777 424 914 449 manus
935 411 1137 448 adnotavit
1158 409 1280 458 deficit
1294 408 1496 453 residuum,

179 479 352 517 secunda
380 477 533 516 addidit
562 478 654 527 quia
686 491 759 514 72072
790 481 876 514 erat
894 477 989 525 plns
1019 475 1060 512 in
1089 473 1303 523 exemplari
1328 472 1431 521 quod
1455 483 1502 508 ex

184 543 318 582 Gallia
344 556 406 580 seu
439 543 654 581 Germania
681 542 895 579 lzabm'mus.
953 541 1000 578 In
1029 538 1159 578 media
1180 545 1288 588 parte
1314 534 1500 575 orationis

180 621 249 658 pro
270 606 431 646 Rabirio
452 606 729 657 perduellionis
752 619 816 644 reo
834 605 869 655 (ξ
894 603 959 654 19)
980 603 1131 653 scripsit
1153 616 1201 640 m.
1224 616 1243 640 2
1267 601 1306 639 in
1328 599 1500 650 margine

180 672 219 710 in
239 673 449 721 exemplari
467 672 714 709 vetustissimo
734 671 858 720 deficit
875 683 953 706 una
966 669 1127 719 pagina,
1150 668 1189 705 in
1211 668 1349 705 lacuna
1380 678 1499 715 quam

180 743 305 774 textus
337 735 493 774 exhibet
523 737 661 774 eadem
693 748 740 773 m.
780 748 798 772 2
832 732 985 772 addidit
1017 733 1121 770 nobis
1148 732 1305 770 dabit3:
1349 729 1388 768 in
1423 731 1500 768 fine

180 800 363 840 orationis
394 800 587 839 monitum
615 808 672 839 est
701 801 741 838 in
770 798 984 848 exemplari
1007 798 1187 847 deficiunt
1212 798 1282 834 due
1309 801 1408 834 carte
1433 807 1501 844 que

179 872 271 902 sunt
295 866 428 903 abscz'se
456 871 491 903 et
516 866 570 903 sic
584 865 684 914 fim's
702 864 933 914 precedentis
961 863 1146 900 orationis
1179 867 1233 899 est
1259 867 1295 898 et
1320 859 1502 909 sequentis

180 927 356 964 initimnf
413 927 475 965 Ad
510 925 743 964 Pisonianae
778 925 929 963 initium
965 937 1011 963 m.
1051 938 1065 961 1
1105 923 1143 961 in
1179 922 1351 973 margine
1381 922 1502 960 adno-

182 991 274 1030 tavit
293 1004 339 1029 ex
358 992 517 1029 Asconio
538 997 698 1040 apparet
714 992 781 1029 lzoc
798 1003 871 1027 που
898 1003 970 1026 esse
983 990 1220 1038 princzpimn
1241 987 1423 1025 orationis
1442 988 1506 1024 sed

181 1058 421 1106 aliquantum
442 1056 608 1095 deesse⁵z
638 1057 678 1093 in
705 1055 835 1094 media
862 1053 1045 1092 orationis
1075 1061 1183 1104 parte
1202 1052 1238 1103 (ξ
1262 1051 1330 1102 61)
1350 1050 1501 1101 scripsit

182 1134 228 1158 m.
263 1135 277 1158 1
311 1120 349 1158 in
384 1122 556 1170 margine
586 1121 720 1169 oechetg
747 1119 985 1171 (εοῖχεται),
1018 1131 1135 1168 quarn
1165 1115 1448 1156 correctionem
1481 1128 1503 1153 e

182 1184 374 1223 Vaticano
400 1184 482 1236 (V)
512 1184 667 1223 fluxisse
697 1185 945 1222 manifestum
976 1190 1043 1230 est,
1075 1183 1181 1221 unde
1212 1182 1390 1220 codicem
1421 1193 1501 1219 non

182 1258 272 1288 ante
300 1263 445 1288 annum
483 1263 578 1299 1425
613 1249 797 1299 scriptum
831 1262 915 1288 esse
944 1248 1098 1298 colligo.
1168 1248 1330 1286 Librum
1364 1245 1501 1284 ceteris

182 1313 440 1364 antiquiorem
472 1327 555 1352 esse
585 1328 664 1352 non
692 1315 793 1361 dico,
823 1313 1068 1363 integriorem
1097 1326 1181 1351 esse
1205 1318 1394 1350 testantur
1421 1323 1501 1348 non

183 1381 309 1418 solum
344 1379 530 1417 lectiones
565 1379 714 1429 aliquot
746 1378 929 1428 optimae,
964 1379 1033 1417 sed
1068 1390 1232 1428 magnus
1266 1377 1501 1415 mendorum

183 1443 513 1494 apertissimorum
551 1457 747 1491 numerus,
789 1456 889 1493 quae
931 1444 1118 1481 Italorum
1157 1442 1314 1492 ingenio
1356 1440 1501 1480 sensim

184 1511 390 1549 emendata
411 1517 510 1548 sunt.
569 1510 622 1547 Vt
649 1508 874 1547 brevissime
904 1507 1044 1554 dicam,
1079 1506 1174 1545 nihil
1205 1509 1282 1545 fere
1309 1506 1439 1544 inveni
1462 1504 1503 1543 in

185 1576 332 1622 ceteris,
350 1587 447 1623 quos
468 1572 654 1623 plurimos
676 1572 834 1619 contuli,
859 1573 966 1622 quod
989 1586 1034 1611 ex
1053 1575 1087 1609 Ω
1108 1573 1325 1610 derivatum
1340 1584 1422 1609 non
1442 1571 1500 1618 sit,

185 1638 257 1677 nisi
286 1640 392 1688 quod
423 1639 539 1677 verba
568 1639 761 1688 quaedam
790 1638 936 1675 habent
965 1637 1015 1675 ab
1044 1640 1078 1674 Ω
1107 1636 1252 1675 omissa
1278 1643 1316 1674 et
1340 1634 1502 1686 propriis

185 1702 420 1752 quibusdam
452 1702 605 1740 mendis
637 1709 778 1740 carent.
840 1703 931 1739 Non
962 1701 1074 1751 igitur
1102 1715 1148 1739 ex
1179 1700 1265 1751 ipso
1298 1703 1331 1737 Ω
1358 1700 1428 1739 sed
1458 1712 1503 1738 ex

184 1769 407 1818 apographo
434 1769 528 1814 eius,
560 1768 622 1805 hic
652 1766 728 1804 illic
758 1768 938 1817 suppleto
967 1774 1005 1805 et
1034 1773 1220 1813 correcto,
1252 1778 1318 1804 eos
1346 1764 1503 1804 codices

185 1833 251 1883 qui
272 1833 354 1872 eius
375 1831 556 1871 simillimi
580 1839 670 1870 sunt
693 1845 895 1870 emanasse
916 1831 1061 1870 iudico.

240 1899 379 1936 Redeo
413 1899 462 1935 ad
497 1896 691 1934 orationes
724 1905 858 1934 contra
892 1897 1052 1934 Rullum
1092 1895 1255 1943 liabitas,
1288 1895 1329 1933 in
1359 1894 1502 1944 quibus

185 1963 312 2000 nodus
351 1961 569 2000 offenditur.
649 1962 696 1998 In
733 1961 791 1998 his
831 1960 1014 1999 undecim
1055 1962 1211 1999 codices
1257 1961 1504 1999 Florentinos

229 2051 240 2072 ¹
264 2052 430 2083 Anecdota
450 2052 658 2091 Oxomensca,
680 2051 836 2083 Classical
848 2051 963 2091 Series,
984 2051 1067 2083 Part
1084 2052 1128 2090 X,
1147 2062 1179 2092 p.
1196 2051 1251 2083 lix.

229 2094 241 2115 ²
265 2096 433 2135 Epistulae
450 2095 584 2126 Colucct't
599 2095 659 2134 (ed.
676 2095 822 2133 Novam,
840 2096 881 2126 iv.
902 2097 970 2134 163,
986 2095 1072 2134 quod
1091 2095 1192 2126 nichil
1205 2101 1305 2134 atque
1323 2094 1423 2125 michi
1435 2105 1503 2126 non

188 2139 319 2170 inscitia
337 2141 394 2171 sed
414 2140 508 2170 nefas
525 2144 557 2169 et
574 2139 785 2177 sacrilegium
803 2138 966 2169 arbitrere
986 2138 1047 2176 (ad
1060 2138 1255 2178 Poggium).

229 2182 242 2201 ³
268 2182 317 2213 Ita
334 2183 427 2213 codd.
446 2193 494 2219 με.
586 2182 598 2201 ⁴
617 2182 785 2212 Eiusmodi
805 2182 1036 2212 adnotationes
1054 2183 1175 2212 habent
1193 2182 1306 2221 plures
1323 2181 1464 2212 codices.

231 2224 244 2244 ¹⁵
269 2225 305 2255 1n
325 2226 397 2257 cod.
416 2226 557 2265 Veneto,
579 2225 712 2257 Bessus.
731 2225 967 2267 CCCXXVII,
987 2226 1068 2257 haec
1088 2225 1260 2257 adnotatio
1282 2235 1301 2256 a
1317 2224 1504 2266 Gasparino

188 2269 312 2309 scripta
329 2280 404 2300 csse
422 2268 550 2302 dicitur.

834 2336 858 2363 X
