1747 2620
185 54 238 91 28

192 359 234 402 69

173 997 227 1034 29

190 1055 229 1089 70

182 1681 217 1715 71

258 61 300 91 68
625 55 683 92 M.
715 55 884 92 TVLLI
916 54 1223 93 CICERONIS

256 167 499 214 Romanum,
547 165 810 204 castissimum
858 164 1063 204 hominem
1111 172 1230 215 atque
1277 164 1581 216 integerrimum,

254 230 478 270 Laodiceae
493 243 551 269 xx
572 231 708 281 pondo
724 232 842 282 paulo
858 230 1026 281 amplius
1047 244 1115 281 per
1134 231 1240 269 hunc
1258 232 1302 269 L.
1318 231 1580 277 Peducaeum,

252 295 424 335 iudicem
455 304 643 343 nostrum,
666 295 885 346 Adramytii
913 307 935 333 C
971 309 1039 346 per
1061 297 1132 336 Cn.
1158 294 1378 335 Domitium
1399 297 1582 346 legatum,

254 361 432 412 Pergami
453 375 533 400 non
555 363 733 399 multum.
794 360 890 399 Auri
912 361 1009 399 ratio
1030 368 1193 408 constat,
1216 375 1353 400 aurum
1375 361 1414 399 in
1434 359 1583 399 aerario

252 434 336 476 est;
367 428 512 465 furtum
543 440 624 465 non
645 426 954 477 reprehenditur,
979 426 1126 465 invidia
1147 426 1367 476 quaeritur,
1404 439 1427 464 a
1448 424 1581 464 iudici-
1601 437 1619 469 5

250 492 325 531 bus
355 492 479 531 oratio
507 492 701 539 avertitur,
726 505 800 530 vox
822 491 861 529 in
884 505 1070 530 coronam
1093 492 1326 542 turbamque
1355 490 1578 530 effunditur.

250 559 329 596 Sua
358 557 500 607 cuique
529 557 674 595 civitati
696 556 840 607 religio,
867 557 986 603 Laeli,
1010 564 1078 604 est,
1101 565 1232 595 nostra
1253 556 1378 596 nobis.
1440 556 1579 595 Stanti-

249 623 322 661 bus
346 622 633 671 Hierosolymis
664 622 892 672 pacatisque
921 622 1078 660 Iudaeis
1100 630 1232 661 tamen
1254 622 1415 660 istorum
1446 621 1580 672 religio

248 701 447 727 sacrorum
467 701 489 726 a
510 689 719 738 splendore
740 687 856 726 huius
879 687 1028 738 imperi,
1046 687 1232 737 gravitate
1253 686 1423 725 nominis
1444 686 1580 735 nostri,

248 753 440 791 maiorum
471 752 656 791 institutis
678 753 915 791 abhorrebat
933 767 942 801 3
977 766 1081 790 nunc
1103 766 1194 791 vero
1216 753 1291 790 hoc
1312 751 1450 802 magis,
1470 753 1578 802 quod
1603 766 1639 788 10

247 817 312 856 illa
344 832 439 868 gens
474 817 569 868 quid
601 819 652 857 de
686 825 820 856 nostro
846 817 1011 868 imperio
1047 817 1206 856 sentiret
1236 817 1408 856 ostendit
1437 817 1579 866 armis3

247 897 365 933 quam
396 897 484 922 cara
513 883 573 922 dis
604 883 890 922 immortalibus
923 890 1036 922 esset*
1056 883 1203 931 docuit,
1238 884 1347 933 quod
1376 890 1434 921 est
1463 882 1575 932 victa,

247 951 355 999 quod
377 951 537 996 elocata,
560 949 669 999 quod
690 963 799 987 serva
818 952 931 987 facta.

303 1016 434 1063 Quam
469 1014 521 1052 ob
553 1028 634 1053 rem
667 1014 866 1064 quoniam,
900 1015 1008 1065 quod
1041 1013 1188 1053 crimen
1221 1027 1305 1053 esse
1336 1013 1503 1062 voluisti,
1537 1013 1577 1053 id

247 1087 373 1118 totum
404 1079 512 1118 vides
543 1079 583 1118 in
613 1081 771 1119 laudem
801 1094 886 1119 esse
915 1093 1161 1128 conversum,
1189 1079 1391 1119 veniamus
1422 1079 1498 1117 iam
1526 1081 1576 1118 ad
1600 1091 1635 1123 15

245 1144 390 1183 civium
427 1147 699 1183 Romanorum
735 1147 939 1195 querelas,
981 1159 1026 1184 ex
1061 1146 1204 1196 quibus
1242 1145 1290 1184 sit
1325 1158 1418 1184 sane
1452 1144 1577 1195 prima

247 1210 422 1249 Deciani.
484 1210 592 1259 Quid
623 1210 693 1249 tibi
720 1212 893 1258 tandem,
920 1211 1109 1259 Deciane,
1130 1210 1292 1250 iniuriae
1314 1212 1460 1249 facturn
1489 1213 1577 1249 est?

245 1277 465 1327 Negotiaris
487 1277 526 1314 in
547 1277 669 1316 libera
689 1277 854 1316 civitate.
916 1277 1091 1316 Primum
1113 1286 1245 1328 patere
1267 1292 1330 1317 me
1347 1292 1432 1317 esse
1453 1278 1575 1316 curio-

244 1356 341 1380 sum.
403 1344 495 1391 Quo
516 1356 640 1392 usque
661 1343 922 1393 negotiabere,
947 1357 1037 1381 cum
1069 1343 1294 1394 praesertim
1316 1343 1367 1382 sis
1389 1344 1463 1382 isto
1484 1345 1573 1382 loco

243 1410 390 1446 natus?
446 1410 585 1446 Annos
616 1408 692 1446 iam
731 1420 820 1446 xxx
856 1408 894 1446 in
930 1411 1014 1447 foro
1047 1409 1220 1456 versaris,
1255 1395 1335 1448 sed·
1361 1418 1492 1449 tamen
1532 1409 1571 1448 in
1596 1423 1634 1445 20

243 1474 495 1523 Pergameno.
558 1475 696 1524 Longo
723 1473 941 1530 intervallo,
974 1474 1005 1512 si
1040 1477 1215 1529 quando*
1235 1475 1305 1514 tibi
1337 1476 1571 1528 peregrinari

242 1540 498 1577 commodum
547 1546 615 1586 est,
662 1541 833 1577 Romam
882 1539 1001 1587 venis,
1049 1542 1176 1580 adfers
1227 1542 1365 1581 faciem
1414 1556 1569 1589 novam,

240 1617 386 1643 nomen
417 1612 538 1651 vetus,
562 1618 773 1654 purpuram
804 1604 974 1654 Tyriam,
999 1605 1038 1644 in
1067 1621 1145 1658 qua
1173 1607 1243 1646 tibi
1270 1607 1436 1655 invideo,
1461 1608 1570 1657 quod

241 1669 328 1708 unis
353 1669 593 1708 vestimentis
622 1677 700 1707 tam
723 1670 790 1708 diu
822 1672 950 1710 lautus
978 1686 1029 1711 es.
1091 1676 1238 1713 Verum
1261 1682 1358 1721 esto,
1379 1673 1567 1724 negotiari

239 1735 360 1782 libet3
390 1749 458 1773 cur
488 1749 567 1773 non
599 1735 787 1786 Pergami,
821 1739 1019 1788 Smyrnae,
1050 1739 1257 1786 Trallibus,
1290 1739 1357 1779 ubi
1388 1747 1424 1778 et
1454 1738 1567 1778 multi
1589 1747 1628 1781 25

238 1800 342 1838 cives
382 1799 554 1838 Romani
593 1808 683 1838 sunt
722 1809 759 1839 et
800 1801 859 1840 ius
898 1816 920 1841 a
961 1811 1094 1842 nostro
1135 1804 1360 1854 magistratu
1396 1804 1568 1843 dicitur?

239 1864 375 1904 Otium
397 1872 434 1903 te
456 1866 635 1912 delectat,
660 1866 757 1914 lites,
777 1868 924 1915 turbae,
945 1877 1098 1918 praetor
1119 1869 1212 1908 odio
1234 1877 1300 1917 est,
1325 1870 1566 1909 Graecorum

281 1980 300 1999 2
325 1969 412 1999 hunc
429 1970 550 2001 Orelli:
579 1972 666 2003 hunc
686 1972 722 2003 C.
739 1973 825 2004 codd.
847 1973 873 2013 (2
887 1974 913 2005 C
930 1984 945 2004 e
961 1985 990 2006 v.
1005 1979 1100 2014 prox.
1121 1974 1300 2012 adscitum]
1320 1986 1325 2004 :
1355 1975 1440 2005 hunc
1456 1975 1564 2014 ipsum

236 2011 425 2053 Naugerius
453 2014 505 2053 (2)
699 2027 719 2056 3
743 2018 894 2048 adrimeti
924 2018 1011 2057 bez
1047 2018 1211 2048 adrumeti
1237 2019 1288 2049 5:
1321 2029 1398 2050 corr.
1431 2019 1566 2058 Svlvius

236 2067 254 2087 c
271 2058 417 2098 supplevi
432 2059 483 2097 (τί
505 2069 533 2089 v.
554 2062 587 2093 2)
744 2063 765 2091 6
790 2063 995 2092 convertitur
1012 2061 1066 2091 Σὸῐ
1225 2071 1261 2092 12
1287 2062 1391 2103 victa]
1410 2063 1501 2093 unita
1521 2063 1565 2093 Ek

237 2101 288 2139 (cf
312 2105 326 2138 ξ
345 2102 396 2139 64,
416 2101 508 2134 Rull.
528 2103 559 2134 ii.
580 2104 635 2144 99)
790 2115 827 2144 13
853 2105 981 2135 elocata
1000 2105 1054 2135 Ebl
1072 2117 1077 2135 :
1104 2110 1155 2136 est
1173 2104 1279 2136 locata
1297 2110 1360 2136 cett.
1466 2116 1562 2137 serva

236 2145 320 2175 sacta
349 2144 506 2184 Sylvius:
540 2153 675 2179 servata
703 2147 817 2180 codd.:
850 2159 948 2179 serva
976 2148 1138 2188 Angrlz'us
1318 2160 1355 2188 19
1380 2150 1443 2180 isto
1469 2149 1563 2180 Nau-

230 2189 343 2227 gcu'us
358 2189 407 2227 (2)
425 2200 431 2219 :
449 2190 504 2220 illo
518 2192 604 2222 codd.
697 2202 738 2223 20
760 2197 871 2222 tamen
888 2191 938 2233 in]
953 2197 1063 2223 tamen
1077 2191 1182 2233 Lagg.
1200 2203 1226 2231 7.
1242 2202 1289 2232 13.
1302 2193 1347 2224 cd.
1364 2193 1498 2224 Ascens.
1513 2194 1562 2232 (2)

234 2242 275 2269 23
301 2232 437 2271 Tyriam
468 2236 609 2266 eandem
639 2236 671 2265 in
699 2236 884 2266 lllonmtsen
1048 2245 1088 2275 27
1115 2241 1248 2275 praetor
1272 2236 1459 2276 Naugerius
1485 2237 1561 2277 (2):

234 2276 377 2315 populus
399 2276 571 2309 Romanus
589 2279 676 2310 codd.
