1716 2662
356 78 466 114 PRO
497 77 540 115 C.
574 77 814 115 RABIRIO
846 78 1108 116 POSTVMO
1139 79 1355 117 ORATIO
1475 89 1518 126 15

191 204 269 240 que
301 203 418 239 quam
450 202 522 226 nos
554 189 616 226 vix
648 189 762 227 huius
794 189 899 226 urbis
930 190 1041 227 tectis
1070 190 1306 227 sustinemus
1327 192 1515 240 excipere,

191 256 246 294 eis
279 255 370 305 ipsis
390 255 530 293 diebus
556 256 712 293 hostem
740 255 918 305 persequi
948 268 1038 293 cuin
1066 255 1185 293 etiam
1217 257 1318 293 ferae
1348 255 1518 293 latibulis

190 334 232 358 se
263 327 394 370 tegant
427 327 546 369 atque
576 319 710 358 omnia
740 320 844 358 bella
873 319 954 358 iure
977 319 1152 369 gentium
1181 320 1516 370 conquiescant&

190 393 281 424 sunt
311 399 356 424 ea
385 385 546 435 quidem
577 398 746 435 magna3
775 385 862 435 quis
893 387 1038 435 negat?
1069 387 1139 423 sed
1171 387 1322 436 magnis
1353 385 1518 424 excitata

153 458 280 499 5sunt
319 449 501 500 praemiis
538 463 585 487 ac
624 452 814 488 memoria
853 451 1060 489 hominum
1099 451 1348 501 sempiterna.
1425 452 1516 498 Quo

191 516 320 553 minus
340 514 616 553 admirandum
638 522 696 553 est
720 528 810 553 eum
840 516 966 554 facere
990 515 1056 554 illa
1085 515 1152 565 qui
1183 515 1515 555 immortalitatem

189 579 466 630 concupiverit.
527 581 641 618 Haec
662 593 751 619 vera
771 581 854 618 laus
880 588 950 628 est,
975 594 1075 630 quae
1102 595 1183 618 non
1213 588 1417 631 poetarum
1438 595 1516 620 car-

189 644 370 692 minibus,
405 658 486 682 non
519 644 720 682 annalium
755 645 1022 683 monumentis
1057 647 1285 693 celebratur,
1322 647 1391 685 sed
1430 660 1515 696 pru-

188 710 367 747 dentium
397 709 543 747 iudicio
567 710 810 759 expenditur.
868 710 1053 760 Equitem
1088 712 1315 748 Romanum
1343 719 1513 750 veterem

133 789 170 809 10
188 774 358 812 amicum
388 787 503 812 suum
533 774 764 821 studiosum,
792 782 1003 821 amantem,
1038 774 1312 813 observantem
1348 776 1406 814 sui
1436 790 1515 815 non

188 839 361 886 libidine,
386 853 467 877 non
496 839 676 889 turpibus
708 839 894 889 impensis
922 839 1182 889 cupiditatum
1208 848 1326 890 atque
1348 842 1514 889 iacturis,

188 906 257 942 sed
296 904 533 954 experientia
567 905 776 954 patrimoni
811 905 1077 955 amplificandi
1120 906 1316 944 labentem
1351 909 1513 958 excepit,

187 983 365 1008 corruere
393 983 472 1007 non
495 970 592 1017 sivit,
620 970 724 1008 fulsit
746 978 783 1008 et
805 970 987 1008 sustinuit
1009 985 1058 1017 re,
1084 973 1251 1015 fortuna,
1273 973 1360 1020 side,
1383 974 1516 1012 hodie-

187 1049 264 1085 que
285 1036 449 1074 sustinet
470 1049 543 1074 nec
563 1035 734 1073 amicum
766 1037 1006 1086 pendentem
1043 1050 1222 1076 corruere
1243 1038 1386 1088 patitur
1402 1054 1411 1087 3
1442 1054 1516 1077 nec

132 1118 167 1149 ¹5
187 1100 288 1138 illius
319 1100 440 1138 animi
473 1100 598 1139 aciem
631 1100 875 1151 praestringit
911 1102 1097 1150 splendor
1129 1102 1187 1139 sui
1226 1102 1409 1151 nominis,
1443 1118 1515 1142 nec

187 1166 328 1204 mentis
362 1167 473 1216 quasi
503 1165 717 1204 luminibus
748 1166 867 1204 officit
898 1166 1064 1204 altitudo
1094 1168 1272 1206 fortunae
1293 1176 1330 1206 et
1356 1169 1511 1218 gloriae.

185 1230 270 1269 Sint
297 1244 390 1269 sane
421 1232 486 1269 illa
513 1244 664 1281 magna,
688 1244 788 1280 quae
816 1245 856 1269 re
877 1245 966 1269 vera
991 1245 1132 1281 magna
1152 1239 1266 1280 sunt3
1296 1234 1346 1272 de
1367 1233 1512 1272 iudicio

184 1295 305 1333 animi
338 1295 425 1342 mei,
460 1303 501 1333 ut
535 1296 640 1333 volet
671 1295 848 1345 quisque,
885 1295 1058 1343 sentiat3
1098 1310 1171 1346 ego
1204 1297 1309 1335 enim
1342 1299 1444 1336 hanc
1474 1299 1512 1337 in

186 1360 302 1397 tantis
323 1360 476 1410 opibus,
499 1367 607 1398 tanta
628 1361 782 1397 fortuna
804 1359 1074 1399 liberalitatem
1097 1361 1136 1399 in
1158 1374 1260 1409 suos,
1283 1364 1512 1402 memoriam

127 1441 167 1463 20
184 1425 379 1464 amicitiae
417 1425 574 1475 reliquis
614 1425 820 1463 virtutibus
867 1425 1052 1464 omnibus
1092 1434 1304 1477 antepono.
1381 1430 1511 1478 Quam

184 1490 344 1540 quidem
393 1504 472 1537 VOS,
514 1490 673 1538 iudices,
720 1489 803 1528 eius
849 1490 887 1528 in
941 1504 1044 1529 novo
1091 1505 1233 1541 genere
1282 1492 1509 1541 bonitatem,

184 1555 407 1593 inusitatam
439 1555 551 1594 claris
584 1569 630 1593 ac
666 1555 987 1606 praepotentibus
1025 1556 1124 1603 viris,
1158 1570 1238 1594 non
1278 1559 1399 1596 modo
1437 1572 1511 1597 ason

183 1620 378 1671 aspernari
399 1634 444 1658 ac
466 1622 630 1659 refutare
651 1622 721 1659 sed
742 1621 952 1671 complecti
975 1621 1091 1659 etiam
1120 1630 1157 1660 et
1178 1635 1319 1671 augere
1345 1623 1509 1670 debetis,

183 1694 221 1725 et
241 1701 288 1725 eo
310 1686 431 1736 magis
455 1688 563 1736 quod
590 1686 730 1725 videtis
755 1688 827 1725 hos
850 1687 1011 1736 quidem
1034 1695 1211 1736 sumptos
1232 1687 1315 1725 dies
1336 1689 1385 1726 ad
1411 1689 1511 1727 labe-

125 1768 162 1800 25
183 1752 406 1789 factandam
428 1751 530 1789 illius
545 1751 786 1801 dignitatem.
841 1754 899 1789 Ex
920 1765 997 1802 qua
1019 1751 1071 1789 illi
1094 1751 1190 1789 nihil
1211 1752 1361 1790 detrahi
1383 1761 1510 1802 potest

183 1817 290 1866 quod
312 1830 392 1854 non
409 1824 476 1854 aut
493 1816 640 1855 fortiter
657 1818 752 1855 ferat
774 1824 840 1855 aut
863 1817 976 1855 facile
999 1816 1201 1864 restituat3
1229 1816 1508 1856 amicissimum

181 1881 384 1919 hominem
410 1881 440 1919 si
469 1882 673 1920 honestate
702 1882 912 1932 spoliatum
943 1881 1120 1929 audierit,
1151 1895 1223 1920 nec
1252 1882 1336 1920 sine
1367 1896 1509 1932 magno

182 1947 317 1984 dolore
339 1948 433 1985 feret
449 1953 487 1985 et
504 1946 543 1985 id
563 1947 734 1985 amiserit
756 1949 864 1997 quod
887 1960 1002 1998 posse
1024 1960 1102 1985 non
1126 1954 1253 1997 speret
1278 1948 1504 1998 recuperari.

226 2060 245 2080 2
269 2050 309 2080 iis
328 2049 456 2081 Halm:
482 2051 534 2082 his
553 2050 642 2082 codd.
779 2061 853 2082 cum
872 2051 1054 2082 Patricius:
1081 2057 1149 2082 tum
1167 2062 1239 2082 cum
1258 2050 1346 2083 codd.
1488 2063 1507 2092 5

182 2094 224 2124 ad
242 2094 434 2124 memoriam
453 2118 460 2125 .
481 2118 487 2124 .
509 2118 515 2125 .
534 2095 774 2134 sempiternam
794 2095 881 2127 codd.
902 2108 908 2126 :
933 2106 1010 2127 corr.
1027 2095 1167 2136 Madvig
1318 2105 1336 2135 7
1353 2097 1506 2135 concupi-

182 2137 268 2167 verit
285 2137 314 2173 k,
336 2137 380 2167 cd.
403 2137 435 2167 V
447 2148 453 2167 :
479 2138 712 2177 concupiverat
729 2142 793 2169 cett.
984 2150 1061 2169 vera
1080 2139 1266 2172 Patricius:
1293 2140 1375 2170 mira
1394 2139 1482 2170 codd.
1500 2151 1507 2170 :

183 2180 338 2210 nimirum
357 2180 486 2211 Ernestz
580 2191 617 2219 13
641 2191 797 2212 corruere
815 2193 878 2213 non
897 2183 973 2213 sivit
991 2182 1047 2213 del.
1069 2183 1193 2213 Scln'itz
1298 2183 1429 2213 fortuna
1446 2182 1503 2214 del.

181 2222 288 2253 Halm
408 2234 442 2262 14
463 2224 665 2263 pendentem
678 2226 746 2265 pk:
771 2227 970 2265 prudentem
989 2230 1071 2257 celat
1099 2227 1343 2266 imprudentem
1362 2226 1413 2266 (ζῇ
1436 2229 1449 2263 ξ
1470 2226 1502 2265 2)

181 2265 288 2297 Halm
310 2269 385 2301 [nec
404 2291 410 2298 .
429 2291 435 2298 .
456 2291 462 2297 .
481 2267 604 2306 patitur
621 2267 679 2299 del.
700 2268 851 2309 Madvig]
958 2278 994 2309 15
1019 2271 1236 2308 praestringit
1253 2269 1317 2301 cod.
1343 2269 1504 2300 Turneln':

181 2310 376 2349 perstringit
394 2311 458 2340 mei
565 2321 604 2340 22
630 2322 697 2341 non
715 2312 755 2350 ς,
774 2312 819 2343 ed.
845 2313 890 2342 V:
915 2323 978 2343 om.
999 2316 1061 2344 cett.
1168 2324 1203 2351 24
1225 2314 1358 2352 quidem
1375 2314 1503 2352 scripsi:

179 2353 272 2392 quasi
286 2353 373 2384 codd.
446 2363 486 2391 25
505 2354 714 2395 dignitatem]
730 2355 912 2386 claritatem
931 2356 969 2386 Ωι
1060 2358 1101 2387 28
1119 2361 1151 2387 et
1168 2356 1309 2387 Malla:
1334 2367 1395 2387 nec
1411 2356 1500 2387 codd.

181 2406 247 2427 non
266 2395 323 2427 del.
341 2396 504 2435 Angelius

1538 96 1577 125 42

1537 554 1583 590 16

1534 624 1576 655 43

1532 1246 1569 1277 44
