1747 2620
199 81 235 111 11
255 88 301 119 25⁷
630 75 685 113 M.
717 75 885 113 TVLLI
917 74 1224 114 CICERONIS

252 185 401 236 primus
438 185 478 224 in
511 187 585 225 hac
623 185 779 225 civitate
810 187 949 226 consul
987 185 1070 234 fuit,
1103 185 1215 225 cuius
1254 185 1396 226 virtute
1429 186 1586 238 regibus

252 251 517 290 exterminatis
560 251 718 290 libertas
758 251 797 290 in
837 265 877 290 re
921 251 1079 302 publica
1118 251 1333 291 constituta
1375 260 1444 300 est,
1484 265 1586 303 quae

252 329 377 366 usque
402 318 452 355 ad
478 318 554 355 hoc
580 324 736 367 tempus
762 317 991 364 honoribus,
1022 317 1205 368 imperiis,
1235 331 1362 356 rerum
1389 325 1585 369 gestarum

251 381 373 432 gloria
420 381 649 421 continuata
704 383 932 433 permansit,
981 396 1153 433 cumque
1200 383 1252 422 ab
1299 385 1373 422 hac
1424 384 1585 435 perenni

252 455 551 498 contestataque
584 449 726 486 virtute
764 447 956 487 maiorum
988 461 1069 487 non
1104 449 1226 487 modo
1260 462 1340 487 non
1379 451 1623 500 degenera-5

252 513 348 553 verit
390 515 432 552 L.
477 515 640 552 Flaccus
682 514 762 562 sed,
799 527 918 564 quam
962 513 1132 552 maxime
1171 515 1308 553 florere
1352 514 1391 552 in
1434 514 1586 565 generis

252 579 311 619 sui
326 579 448 630 gloria
475 579 634 628 viderat,
666 581 823 618 laudern
846 579 992 630 patriae
1017 579 1055 618 in
1080 579 1300 618 libertatern
1325 579 1587 618 vindicandae

253 652 407 696 praetor
444 646 646 693 adamarit,
683 645 722 683 in
762 647 837 684 hoc
873 658 946 696 ego
985 658 1051 683 reo
1090 658 1141 683 ne
1178 646 1288 695 quod
1322 644 1585 696 perniciosum

252 712 477 761 exemplum
509 712 697 762 prodatur
737 710 1022 762 pertimescam,
1065 710 1105 748 in
1140 723 1232 760 quo,
1269 709 1387 748 etiam
1419 710 1450 748 si
1489 709 1587 760 quid

195 784 234 816 26
253 784 426 824 errasset,
450 790 588 815 omnes
610 776 703 814 boni
725 776 991 815 conivendum
1010 789 1094 814 esse
1114 775 1420 814 arbitrarentur?
1463 777 1585 825 Quod
1609 789 1647 811 10

252 841 414 892 quidem
447 855 519 893 ego
551 855 632 880 non
669 843 790 881 modo
826 855 907 881 non
943 843 1113 892 postulo,
1143 842 1213 880 sed
1243 849 1390 889 contra,
1422 840 1583 890 iudices,

252 920 321 945 vos
342 920 412 945 oro
433 915 471 946 et
492 907 668 946 obtestor
688 915 730 946 ut
759 915 881 946 totam
904 921 1062 946 causam
1089 921 1208 958 quarn
1236 907 1404 946 maxime
1427 907 1587 947 intentis

251 972 386 1020 oculis,
410 980 452 1011 ut
482 972 602 1021 aiunt,
626 972 814 1012 acerrime
847 972 1184 1024 contemplemini.
1260 973 1369 1012 Nihil
1400 973 1586 1024 religione

251 1044 448 1085 testatum,
479 1038 575 1076 nihil
606 1038 766 1078 veritate
795 1039 1016 1087 fundatum,
1054 1038 1151 1077 nihil
1180 1040 1317 1078 dolore
1346 1052 1583 1090 expressum,

251 1112 468 1154 contraque
488 1104 622 1143 omnia
647 1112 828 1156 corrupta
849 1104 1024 1152 libidine,
1048 1104 1259 1152 iracundia,
1283 1104 1425 1152 studio,
1449 1105 1583 1155 pretio,
1609 1122 1646 1154 15

253 1169 421 1221 periurio
442 1170 686 1220 reperientur.

309 1237 467 1274 Etenim
491 1235 568 1274 iam
590 1236 769 1275 universa
790 1236 952 1275 ist-orum
977 1236 1134 1286 cognita
1161 1235 1376 1286 cupiditate
1396 1237 1585 1276 accedam

252 1302 303 1340 ad
331 1301 501 1352 singulas
523 1302 700 1352 querelas
725 1301 1098 1352 criminationesque
1126 1302 1377 1341 Graecorum.
1439 1301 1586 1342 Classis

253 1366 415 1406 nomine
442 1367 652 1417 pecuniam
674 1367 897 1406 civitatibus
923 1367 1153 1418 imperatam
1177 1376 1402 1418 queruntur.
1464 1369 1585 1417 Quod

253 1445 325 1471 nos
357 1434 514 1479 sactum,
552 1432 713 1480 iudices,
747 1434 991 1472 confitemur.
1063 1434 1142 1472 Sed
1170 1432 1202 1472 si
1229 1434 1306 1472 hoc
1336 1433 1483 1472 crimen
1513 1442 1582 1482 est,
1608 1451 1648 1473 20

251 1505 319 1537 aut
346 1497 385 1536 in
411 1511 459 1536 eo
484 1505 541 1536 est
569 1499 677 1549 quod
708 1512 788 1537 non
818 1498 968 1538 licuerit
1000 1499 1212 1550 imperare„
1230 1507 1297 1538 aut
1328 1499 1368 1538 in
1398 1513 1446 1538 eo
1476 1501 1585 1550 quod

253 1576 333 1602 non
355 1576 454 1613 opus
476 1562 589 1602 fuerit
617 1563 794 1612 navibus,
816 1571 883 1603 aut
905 1564 943 1602 in
972 1578 1020 1603 eo
1041 1566 1149 1615 quod
1172 1566 1278 1603 nulla
1305 1566 1381 1603 hoc
1409 1572 1586 1615 praetore

253 1628 387 1667 classis
414 1628 612 1678 navigarit.
674 1628 850 1668 Licuisse
875 1637 916 1668 ut
947 1630 1161 1681 intellegas,
1184 1644 1380 1681 cognosce
1401 1630 1496 1681 quid
1523 1644 1585 1669 me

253 1695 416 1733 consule
444 1701 602 1732 senatus
632 1694 858 1742 decreverit,
893 1709 983 1734 cum
1013 1695 1174 1745 quidem
1205 1695 1302 1733 nihil
1331 1709 1354 1734 a
1383 1695 1586 1747 superiori-

255 1759 328 1798 bus
361 1759 639 1798 continuorum
667 1772 860 1798 annorum
900 1761 1067 1800 decretis
1103 1760 1335 1800 discesserit.
1396 1763 1584 1800 SENATVS
1607 1776 1645 1807 25

254 1836 513 1864 CONSVLTVM.
585 1824 811 1864 Proximum
856 1834 915 1865 est
952 1840 1044 1877 ergo
1087 1834 1129 1865 ut
1172 1840 1271 1877 opus
1310 1827 1423 1865 fuerit
1462 1828 1585 1866 classe

254 1903 381 1929 necne
413 1902 656 1939 quaeramus.
716 1892 857 1930 Vtrum
889 1891 1003 1943 igitur
1033 1893 1108 1931 hoc
1142 1892 1281 1931 Graeci
1314 1899 1485 1931 statuent
1518 1899 1585 1931 aut

255 1957 357 1994 ullae
388 1962 541 1994 exterae
573 1955 763 2003 nationes
801 1971 851 1996 an
888 1959 1008 1997 nostri
1043 1965 1250 2008 praetores,
1289 1958 1409 1997 nostri
1450 1959 1583 2005 duces,

255 2020 375 2060 nostri
421 2021 703 2071 imperatores?
775 2023 972 2073 Equidem
1021 2022 1202 2062 existimo
1254 2023 1293 2061 in
1340 2023 1423 2062 eius
1477 2023 1584 2061 modi

189 1214 233 1244 12

195 1274 233 1310 ²?

300 2136 320 2165 3
345 2127 474 2166 imperii
510 2129 572 2168 rQ-io
599 2128 639 2168 χ)
673 2127 786 2160 codd.:
821 2139 900 2160 corr.
929 2128 1080 2159 Faernus
1253 2138 1272 2167 5
1297 2128 1519 2167 degeneravit
1546 2128 1582 2161 b:

259 2170 472 2209 degenerarit
488 2172 509 2212 i,
529 2170 706 2202 Manutius
792 2173 813 2202 6
836 2182 934 2212 quam
954 2171 996 2211 Β,
1017 2171 1157 2202 Muller:
1186 2172 1217 2202 id
1235 2172 1323 2211 quod
1342 2176 1390 2211 Σχ
1407 2183 1414 2202 τ
1442 2173 1530 2211 quod
1548 2182 1585 2202 c:

260 2214 292 2243 in
310 2224 375 2252 qua
391 2214 445 2245 b¹k
601 2225 617 2253 7
643 2215 746 2254 gloria
765 2226 828 2256 xc:
857 2215 994 2254 gloriam
1013 2219 1077 2246 cett.
1226 2216 1246 2245 8
1270 2214 1420 2256 praetor]
1439 2216 1484 2246 rei
1503 2225 1535 2254 p.
1553 2214 1585 2245 Β

263 2267 301 2296 ¹3
324 2258 487 2292 acerrime
503 2257 560 2288 del.
580 2258 742 2289 Ruhnken
923 2260 962 2289 16
986 2259 1200 2298 reperientur
1217 2258 1271 2290 21ss
1292 2270 1298 2289 :
1323 2259 1500 2299 reperietis
1517 2262 1581 2290 cctt.

260 2310 301 2331 22
326 2301 498 2342 praetore]
518 2307 671 2341 tempore
688 2301 719 2332 Β
833 2312 874 2342 25
900 2302 1094 2333 discesserit
1112 2314 1146 2342 χ,
1167 2301 1378 2334 Lambinus:
1403 2302 1584 2334 decesserit

262 2343 325 2385 μή
342 2344 385 2387 ς’)
402 2344 489 2377 codd.
625 2347 666 2376 28
690 2346 790 2377 vestri
812 2346 883 2387 (ter)
900 2346 942 2385 ὐχ
1034 2345 1151 2387 duces]
1170 2346 1298 2377 iudices
1315 2350 1338 2378 Σ
