1747 2620
181 68 225 113 14

181 320 219 353 4¹

182 1007 226 1046 15

180 1069 221 1100 4²

182 1564 224 1596 43

248 81 290 112 40
610 66 665 103 M.
697 65 865 103 TVLLI
897 63 1204 103 CICERONIS

243 183 287 216 ut
318 190 387 216 vos
415 176 595 216 iudicetis
626 176 743 216 huius
773 176 827 215 rei
860 177 918 215 ius
950 182 1069 226 atque
1098 174 1295 214 actionem
1322 172 1368 212 ‘in
1399 180 1573 212 mentem

244 243 457 282 maioribus
477 243 619 282 nostris
640 256 720 281 non
741 243 904 281 venisse.

301 309 569 358 ‘Queramur,’
585 307 722 358 inquit,
741 309 855 346 ‘licet
870 322 880 355 3
909 315 1042 346 tamen
1059 308 1136 345 hoc
1153 305 1361 345 interdicto
1378 304 1572 344 Aebutius

245 387 324 412 non
354 374 532 412 tenetur.'
590 373 698 422 Quid
728 372 809 412 ita?
869 373 1013 422 ‘Quod
1042 372 1099 410 vis
1131 371 1327 411 Caecinae
1361 373 1462 410 sacta
1491 384 1572 409 non

244 440 326 478 est.7
385 437 474 476 Dici
495 438 535 476 in
556 440 630 476 hac
651 451 769 477 causa
788 446 928 489 potest,
953 438 1021 476 ubi
1042 451 1150 476 arma
1170 438 1327 486 fuerint,
1347 436 1415 475 ubi
1437 445 1573 475 coacta
1591 448 1609 481 5

245 504 451 543 hominum
479 504 703 553 multitudo,
726 504 795 543 ubi
825 503 1001 543 instructi
1030 512 1067 543 et
1095 504 1209 543 certis
1238 503 1334 542 locis
1361 517 1450 542 cum
1473 504 1574 542 ferro

245 569 426 608 homines
454 569 665 618 conlocati,
687 569 755 608 ubi
784 569 928 618 minae,
949 569 1122 621 pericula
1150 577 1394 619 terroresque
1423 568 1571 616 mortis,

245 634 299 673 ibi
329 634 407 674 vim
444 648 523 673 non
555 635 703 674 fuisse?
764 637 942 683 ‘Nemo‚'
973 635 1112 686 inquit,
1148 634 1324 673 ‘occisus
1354 643 1412 673 est
1443 647 1574 685 neque

244 700 563 750 sauciussactus.'
612 701 721 748 Quid
741 701 827 740 ais?
856 715 946 740 cum
963 703 1014 740 de
1033 700 1292 752 possessionis
1308 699 1573 739 controversia

243 772 281 804 et
308 767 358 805 de
384 766 622 816 privatorum
653 768 859 805 hominum
889 766 1144 805 contentione
1170 766 1262 805 iuris
1289 767 1507 817 loquamur,
1529 772 1573 804 tu
1594 778 1636 801 10

243 831 321 870 vim
353 832 513 882 negabis
545 833 702 881 factam,
734 832 765 871 si
800 833 942 872 caedes
974 840 1011 871 et
1046 832 1192 872 occisio
1226 833 1328 870 facta
1358 845 1439 870 non
1474 831 1574 871 erit?

243 899 296 936 At
330 898 521 936 exercitus
556 898 748 937 maximos
783 912 900 949 saepe
934 900 1068 949 pulsos
1103 906 1141 937 et
1176 899 1329 949 fugatos
1363 911 1450 937 esse
1480 898 1574 937 dico

243 970 387 1003 terrore
413 964 500 1015 ipso
527 964 757 1015 impetuque
785 964 958 1003 hostium
987 964 1071 1003 sine
1095 963 1327 1014 cuiusquam
1349 976 1430 1002 non
1451 964 1574 1002 modo

244 1037 369 1070 morte
388 1043 523 1070 verum
544 1030 662 1069 etiam
683 1032 852 1070 volnere.
913 1030 1084 1078 Etenim,
1107 1037 1410 1081 recuperatores,
1426 1042 1506 1067 non
1527 1043 1574 1068 ea

243 1096 326 1134 sola
345 1095 401 1134 vis
422 1103 480 1134 est
501 1109 603 1146 quae
623 1098 673 1135 ad
697 1110 839 1147 corpus
867 1104 1045 1135 nostrum
1066 1095 1267 1146 vitamque
1292 1094 1478 1146 pervenit,
1502 1096 1572 1134 sed
1596 1108 1633 1140 15

243 1160 361 1199 etiam
382 1163 507 1200 multo
528 1162 651 1201 maior
671 1176 716 1201 ea
733 1176 834 1212 quae
855 1161 1030 1213 periculo
1048 1161 1182 1200 mortis
1203 1161 1349 1199 iniecto
1365 1160 1574 1199 formidine

242 1225 418 1265 animum
446 1226 690 1277 perterritum
718 1229 807 1265 loco
834 1241 952 1278 saepe
979 1235 1017 1265 et
1044 1234 1151 1265 certo
1176 1227 1226 1264 de
1247 1233 1349 1264 statu
1375 1226 1572 1265 demovet.

245 1293 384 1342 Itaque
401 1291 519 1331 saucii
541 1305 657 1343 saepe
674 1292 855 1331 homines
872 1306 962 1331 cum
980 1305 1142 1342 corpore
1158 1290 1422 1338 debilitantur,
1440 1290 1574 1330 animo

243 1364 376 1396 tamen
415 1371 494 1396 non
533 1359 680 1397 cedunt
718 1372 848 1409 neque
888 1371 978 1397 eum
1018 1357 1244 1407 relinquunt
1282 1358 1414 1395 locum
1453 1370 1572 1407 quem

243 1429 461 1461 statuerunt
500 1424 735 1472 defendere3
782 1431 821 1462 at
859 1423 923 1462 alii
962 1425 1160 1474 pelluntur
1198 1422 1363 1473 integri3
1410 1430 1453 1461 ut
1491 1437 1571 1462 non
1594 1436 1636 1459 20

243 1487 410 1526 dubium
441 1487 488 1526 sit
518 1488 613 1539 quin
644 1489 767 1528 maior
793 1488 972 1528 adhibita
993 1489 1050 1527 vis
1079 1488 1112 1527 ei
1142 1487 1190 1526 sit
1217 1488 1328 1527 cuius
1349 1488 1504 1528 animus
1525 1489 1574 1528 sit

243 1553 466 1603 perterritus
488 1567 606 1604 quam
634 1554 687 1592 illi
710 1554 820 1593 cuius
842 1568 984 1605 corpus
1007 1557 1252 1593 volneratum
1282 1553 1341 1593 sit.
1402 1555 1522 1603 Quod
1543 1554 1573 1592 si

244 1618 279 1658 vi
299 1620 433 1670 pulsos
454 1619 621 1658 dicimus
638 1620 828 1659 exercitus
849 1633 934 1660 esse
956 1634 1024 1659 eos
1045 1621 1111 1671 qui
1135 1629 1241 1659 metu
1262 1635 1307 1660 ac
1328 1620 1435 1659 tenui
1458 1634 1574 1671 saepe

244 1683 468 1734 suspicione
489 1685 648 1735 periculi
672 1687 863 1736 fugerunt,
887 1694 925 1725 et
948 1685 978 1724 si
1002 1700 1083 1724 non
1106 1686 1429 1737 solunvimpulsu
1447 1694 1574 1724 scuto-

244 1763 329 1787 rum
352 1763 480 1800 neque
501 1750 685 1789 conflictu
708 1765 915 1802 corporum
942 1766 1071 1801 neque
1099 1753 1177 1791 ictu
1200 1752 1422 1791 comminus
1443 1766 1572 1804 neque
1593 1761 1632 1793 25

244 1814 492 1854 coniectione
523 1817 700 1864 telorum,
733 1819 803 1856 sed
838 1831 954 1868 saepe
988 1820 1158 1857 clamore
1188 1819 1274 1869 ipso
1308 1818 1475 1857 militum
1507 1826 1575 1857 aut

244 1879 500 1919 instructione
520 1890 760 1932 aspectuque
781 1883 980 1933 signorum
1003 1897 1163 1934 magnas
1184 1884 1317 1935 copias
1338 1886 1468 1935 pulsas
1489 1897 1574 1923 esse

293 1995 305 2015 1
334 1985 385 2016 ius
408 1986 486 2017 TE:
510 1988 576 2018 vim
594 1989 635 2020 k:
659 2001 725 2022 om.
750 1996 815 2024 cett.
843 1991 895 2029 (de
916 1991 948 2022 P
963 1990 1013 2023 sil.
1035 1991 1178 2032 Peyron>
1199 2004 1206 2023 :
1232 1992 1445 2023 interdictum
1468 1989 1515 2022 ed.
1542 1990 1575 2021 R

245 2040 265 2060 2
288 2030 440 2072 venisse]
459 2033 666 2064 constituere
682 2035 790 2075 suppl.
811 2035 933 2066 Miiller
1108 2046 1130 2075 9
1156 2036 1262 2066 sactus
1280 2035 1388 2076 suppl.
1406 2034 1570 2073 Zielinski,

239 2078 274 2114 p.
296 2074 366 2112 198,
394 2075 430 2114 cf
464 2074 546 2106 Tull.
574 2078 616 2114 56
641 2078 826 2113 <sauciatus
850 2079 996 2115 Ernesti)
1182 2090 1220 2110 το
1246 2080 1422 2118 loquemur
1445 2078 1576 2119 Kayser

249 2126 283 2147 11
314 2117 399 2148 sacta
417 2128 482 2148 non
502 2119 565 2151 erit
580 2121 715 2152 hocloco
732 2123 806 2155 lzab.
826 2122 927 2161 Μμίῗ,
948 2127 1023 2153 ante
1040 2132 1143 2162 saepe
1167 2122 1237 2153 TEe
1329 2133 1367 2153 12
1391 2128 1424 2154 at
1440 2122 1571 2163 scripsi:

246 2165 278 2191 et
299 2160 379 2199 (om.
397 2160 437 2201 T)
451 2162 538 2195 codd.
554 2175 559 2194 :
583 2175 646 2204 ego
663 2165 709 2197 ed.
724 2166 757 2196 R
835 2167 998 2197 maximos
1017 2165 1072 2197 TC?
1089 2177 1095 2197 :
1120 2167 1285 2197 maximus
1302 2170 1366 2198 cett.
1442 2171 1475 2197 et
1492 2166 1573 2196 effu-

245 2208 344 2253 gatos
354 2203 398 2235 Ee
463 2215 499 2245 14
524 2207 596 2239 sola
614 2219 652 2240 ea
669 2209 699 2239 T
758 2211 795 2240 16
821 2211 920 2241 etiam
940 2216 973 2241 et
990 2210 1157 2241 Francken
1222 2220 1257 2249 17
1284 2211 1325 2241 de
1343 2220 1409 2241 om.
1431 2209 1568 2249 Quintil.

246 2257 300 2278 vu.
321 2258 351 2286 3.
372 2258 408 2297 J7
500 2251 657 2283 demovet
680 2252 940 2294 TEe‚Qm'nt1·l.:
966 2254 1116 2285 dimovet
1133 2258 1198 2285 cett.
1313 2263 1351 2293 19
1378 2253 1572 2293 relinquunt

246 2290 293 2322 ‘3'2
319 2291 511 2332 relinquent
529 2299 592 2327 cett.
702 2308 743 2328 20
767 2303 956 2329 statuerunt
972 2297 1035 2330 Ee:
1063 2298 1244 2329 statuerint
1260 2301 1324 2329 cett.
1431 2307 1472 2336 23
1496 2306 1572 2327 esse

245 2345 311 2365 om.
337 2335 367 2366 T
495 2348 535 2378 24
561 2339 588 2370 si
605 2350 670 2371 om.
695 2341 725 2372 T
853 2343 896 2372 26
919 2341 1166 2373 coniectatione
1188 2341 1218 2372 T
