1716 2662
619 66 939 104 PRAEFATIO

129 177 447 226 Lagomarsinius
468 175 645 222 contulit,
668 176 856 214 lectiones
883 188 929 213 ex
953 174 1036 213 eius
1060 173 1214 212 schedis
1239 174 1446 222 exscriptas

129 243 177 280 A.
210 242 269 280 W.
309 243 453 291 Zumpt
492 239 583 279 iuris
623 239 769 290 publici
808 239 909 278 fecit.
978 240 1109 288 Atque
1155 239 1226 275 hos
1271 237 1310 275 in
1351 239 1447 276 duas

129 305 294 344 familias
333 313 473 356 sponte
513 318 582 344 sua
621 304 823 344 discedere
859 305 1106 342 manifestum
1141 310 1208 341 est.
1269 303 1358 340 Vna
1391 310 1447 341 est

131 371 340 421 Poggiana,
363 383 464 421 quae
493 383 515 408 e
544 370 660 408 codd.
687 383 722 419 9,
751 383 810 416 20,
835 371 883 407 26
908 367 982 420 (ω),
1009 370 1057 417 38
1081 366 1145 418 (ο),
1175 380 1223 416 39
1249 366 1336 418 (M)
1358 379 1447 404 con-

129 435 252 475 stat¹:
281 437 401 474 altera
417 437 455 473 in
471 436 587 474 codd.
610 449 639 481 1,
660 445 691 483 7,
709 436 742 481 8,
767 447 822 483 13,
844 447 891 480 24
910 433 1115 471 invenitur.
1157 430 1283 470 Vnius
1299 430 1446 470 codicis

129 501 221 549 Lag.
241 513 262 549 3
281 499 483 550 singularis
500 499 596 538 ratio
614 507 682 547 est,
699 500 805 549 quod
824 498 947 548 prima
964 511 1102 536 manus
1119 510 1209 535 cum
1227 495 1445 546 Poggianis,

128 565 303 603 secunda
339 578 429 603 cum
468 566 590 604 altero
629 577 743 614 grege
777 563 984 614 conspirat.
1059 565 1172 601 Duae
1210 561 1323 612 igitur
1357 568 1447 599 sunt

127 629 295 668 familiae
322 629 494 677 Italicae,
516 643 597 668 non
629 643 717 667 una.
778 630 961 677 Alteram¹
976 640 1066 666 vero
1093 640 1173 665 non
1202 640 1222 664 e
1249 625 1446 676 Poggiana

127 693 340 733 derivatam
365 708 450 733 esse
477 702 695 734 monstrant
716 707 805 732 cum
827 692 1028 732 diversitas
1055 691 1234 731 lectionis
1261 693 1338 729 fere
1366 703 1447 740 per-

128 766 257 808 petua,
280 766 361 797 tum
390 759 602 809 scripturae
628 758 820 809 plurimae
846 772 869 796 a
897 757 1101 797 codicibus
1126 764 1262 807 postea
1286 754 1445 805 repertis

126 821 221 874 (Ee)
243 824 507 863 confirmatae.
566 825 684 863 Vnde
705 822 820 873 igitur
840 822 946 862 venit
966 824 1063 861 haec
1084 835 1186 860 nova
1206 821 1382 859 familia?

182 888 284 926 Mihi
315 889 445 927 statim
479 889 519 927 in
555 897 727 927 mentem
759 888 866 927 venit
899 888 1001 926 illius
1037 886 1183 926 codicis
1221 900 1243 925 a
1278 886 1444 925 Nicolao

126 952 286 992 Cusano
308 954 497 993 Coloniae
518 967 622 991 anno
643 955 742 1001 1426
766 951 933 1003 reperti.1
989 951 1092 1002 Quia
1113 960 1244 1002 tamen
1266 951 1329 989 bic
1348 951 1445 989 liber

129 1032 208 1056 non
230 1020 356 1057 solum
379 1020 448 1057 has
469 1018 662 1057 orationes
689 1019 758 1057 sed
786 1019 903 1056 etiam
932 1017 1183 1055 Pisonianam
1205 1015 1441 1061 continebat,

128 1082 167 1121 in
201 1083 410 1122 Pisoniana
431 1097 603 1133 quoque,
627 1085 658 1121 si
689 1083 914 1121 coniectura
940 1081 1100 1120 veritate
1129 1081 1324 1128 niteretur,
1347 1081 1444 1119 duas

128 1147 292 1186 familias
314 1147 496 1187 exsistere
516 1161 678 1186 necesse
698 1156 788 1186 erat.
849 1146 1127 1187 Coniecturam
1155 1145 1319 1183 firmavit
1346 1146 1444 1194 ipso-

128 1225 212 1250 rum
243 1212 425 1251 codicum
456 1212 679 1263 inspectio,²
707 1212 747 1250 in
777 1213 919 1262 quibus
950 1213 1112 1250 eosdem
1142 1212 1259 1250 codd.
1290 1224 1319 1258 1,
1349 1222 1380 1259 7,
1409 1212 1443 1258 8,

132 1291 190 1327 13,
227 1291 275 1324 24
306 1285 345 1316 et
378 1279 593 1317 secundam
625 1291 786 1316 manum
818 1277 859 1315 in
885 1279 972 1316 cod.
1006 1291 1027 1327 3
1059 1284 1194 1315 contra
1225 1275 1444 1326 Poggianos

129 1356 283 1392 semper
308 1342 530 1393 conspirare
559 1342 736 1394 cognovi.
794 1344 969 1381 Alteram
996 1341 1110 1392 igitur
1133 1343 1234 1380 banc
1259 1340 1443 1380 familiam

127 1408 178 1446 ad
208 1409 404 1457 exemplar
434 1408 638 1448 Cusanum
673 1407 798 1447 redire
832 1408 927 1445 mihi
962 1421 1189 1458 persuasum
1224 1415 1292 1446 est.
1351 1408 1444 1445 Hoc

127 1472 238 1522 quasi
260 1473 367 1511 filum
388 1482 526 1512 nactus
548 1476 669 1524 pedes
691 1488 800 1512 meos
822 1487 889 1524 per
906 1475 1010 1512 hunc
1030 1473 1293 1523 labyrinthum
1314 1487 1444 1524 regere

126 1537 250 1588 potui.
310 1538 448 1577 Inveni
476 1541 596 1578 Italos
623 1539 801 1578 codicem
828 1541 1042 1586 Cusanum,
1065 1552 1182 1588 quem
1210 1553 1290 1577 non
1317 1541 1443 1577 solum

126 1603 238 1642 valde
268 1612 493 1653 corruptum
524 1605 593 1643 sed
623 1605 728 1643 lectu
753 1603 977 1643 difficilem³
1002 1602 1120 1641 fuisse
1149 1602 1293 1642 indicia
1323 1605 1444 1642 multa

125 1669 409 1716 demonstrant,
425 1682 507 1707 non
527 1676 653 1707 totum
673 1668 970 1718 transcripsisse,
988 1669 1056 1706 sed
1074 1681 1181 1707 more
1201 1681 1271 1706 suo
1287 1669 1442 1707 codices

127 1745 150 1771 e
184 1732 382 1783 Poggiano
413 1734 522 1772 fonte
556 1734 696 1772 ductos
732 1732 967 1772 lectionibus
999 1745 1020 1772 e
1052 1732 1212 1772 Cusano
1246 1733 1443 1784 exscriptis

125 1798 348 1836 adornasse.
408 1798 543 1848 Ipsum
575 1797 737 1847 quidem
769 1797 948 1836 codicem
983 1798 1112 1847 plures
1147 1797 1321 1836 librarios
1355 1811 1443 1836 con-

170 1894 182 1915 1
207 1896 290 1926 Cod.
308 1905 329 1934 9
345 1906 387 1925 ex
405 1895 467 1926 hoc
484 1896 576 1926 fonte
595 1896 713 1926 ductus
731 1900 781 1926 est
799 1896 857 1926 sed
877 1896 976 1927 docte
995 1896 1204 1926 emendatus.
1253 1896 1317 1926 His
1335 1906 1444 1927 corre-

127 1939 292 1970 ctionibus
313 1940 471 1978 deceptus
491 1939 532 1970 A.
552 1939 607 1970 W.
633 1939 754 1978 Zumpt
774 1940 889 1969 miram
910 1940 951 1970 de
973 1939 1053 1978 Lag.
1074 1949 1096 1978 9
1117 1939 1259 1969 fabulam
1280 1949 1445 1969 commen-

126 1987 215 2013 tatus
234 1987 297 2020 est,
317 1992 389 2012 cum
415 1983 512 2013 huius
533 1983 657 2013 codicis
676 1983 874 2022 scriptorem
897 1983 1003 2014 solum
1026 1983 1067 2013 ad
1090 1983 1199 2021 ipsum
1217 1988 1325 2022 caput,
1345 1982 1376 2012 id
1395 1988 1445 2013 est

127 2025 300 2064 exemplar
325 2025 541 2065 Poggianum,
567 2026 706 2056 rediisse
730 2027 908 2058 crederet:
939 2037 1004 2065 quo
1033 2036 1147 2056 errore
1175 2027 1293 2056 ductus
1325 2027 1443 2056 menda

127 2069 342 2108 apertissima
359 2068 391 2099 in
409 2075 537 2099 textum
551 2070 687 2108 recepit.
736 2069 804 2100 Sed
820 2070 883 2100 hoc
900 2074 962 2110 est,
983 2074 1018 2100 ut
1035 2070 1077 2099 ait
1089 2069 1227 2108 Tullius,
1243 2072 1250 2086 ‘
1263 2069 1408 2109 lapidem
1426 2080 1443 2099 e

127 2113 281 2151 sepulcro
299 2113 449 2142 venerari
468 2123 527 2151 pro
545 2113 632 2143 deo.’

170 2154 182 2174 ²
206 2155 413 2186 Collationes
429 2166 448 2186 a
467 2155 718 2194 Lagomarsinio
738 2156 855 2193 factas,
875 2166 960 2196 quae
976 2155 1008 2186 in
1026 2156 1177 2194 Collegio
1197 2156 1349 2187 Romano
1367 2156 1443 2186 olim

129 2199 398 2237 asservabantur,
416 2199 448 2229 in
465 2199 666 2230 bibliotheca
683 2199 827 2230 Victoris
844 2199 1069 2230 Emmanuelis
1089 2199 1211 2229 frustra
1228 2199 1395 2241 requisivi.

128 2240 394 2316 hf‘rglclkutbPz's.
414 2246 429 2281 ξ
453 2252 465 2272 1
481 2243 670 2284 paruulum
687 2253 749 2283 pro
760 2243 952 2285 periculum,
976 2245 991 2281 ξ
1010 2252 1029 2273 2
1047 2243 1179 2274 trivium
1202 2253 1263 2283 pro
1286 2247 1313 2274 ie
1331 2243 1443 2274 vivum

153 2295 162 2315 1
191 2295 200 2315 1
224 2294 250 2315 ri
291 2295 309 2316 a
335 2290 403 2319 ent.

774 2338 810 2379 xi
