1747 2620
175 85 193 113 1
214 89 230 111 2
579 76 634 113 M.
667 76 835 113 TVLLI
868 75 1175 116 CICERONIS

172 334 190 365 3

173 986 193 1016 4

169 1179 193 1205 2

177 1710 193 1741 5

209 197 346 230 contra
372 198 524 241 pestem
550 203 595 229 ac
625 188 839 240 perniciem
864 189 1030 228 civitatis
1055 191 1209 237 valeret,
1232 188 1378 228 idcirco
1408 189 1447 228 in
1477 187 1538 228 his

209 256 325 295 rebus
346 255 566 294 evertendis
587 255 702 293 unius
723 254 894 293 hominis
915 262 1106 302 senectus,
1130 254 1332 293 infirmitas
1353 254 1539 294 solitudo-

209 335 286 372 que
325 329 514 372 temptata
548 328 615 359 est.
691 322 823 370 Quam
858 322 910 359 ob
942 335 1022 360 rem
1057 321 1088 359 si
1128 328 1185 359 est
1224 320 1319 359 boni
1353 320 1536 367 consulis,

209 400 299 425 cum
343 394 486 425 cuncta
527 386 669 424 auxilia
708 386 761 424 rei
805 386 986 436 publicae
1029 385 1253 425 labefactari
1291 385 1540 436 convellique

209 451 352 499 videat,
394 453 491 490 serre
526 465 643 502 opem
684 451 842 502 patriae,
883 465 1107 490 succurrere
1142 451 1254 490 saluti
1295 451 1539 502 fortunisque

211 517 500 564 communibus,
556 516 763 567 implorare
819 516 963 555 civium
1017 518 1147 563 sidem,
1207 530 1317 555 suam
1373 517 1540 555 salutem

211 582 465 632 posteriorem
491 583 616 620 salute
646 581 848 621 communi
866 583 1022 628 ducere,
1050 589 1107 620 est
1138 581 1255 620 etiam
1279 582 1475 620 bonorum
1503 589 1541 619 et

212 646 369 686 fortium
390 646 545 693 civium,
569 648 704 697 quales
726 660 795 685 vos
816 646 1001 685 omnibus
1023 646 1076 685 rei
1097 646 1279 696 publicae
1299 646 1542 697 temporibus

211 711 420 759 exstitistis,
471 711 731 750 intercludere
783 711 911 749 omnis
959 710 1199 750 seditionum
1248 711 1340 759 vias,
1390 710 1542 749 munire

211 776 404 829 praesidia
443 776 496 815 rei
526 775 720 826 publicae,
753 789 953 814 summum
989 776 1028 814 in
1062 776 1291 814 consulibus
1321 775 1540 826 imperium,

211 855 410 880 summum
439 841 479 879 in
508 848 647 880 senatu
679 841 887 880 consilium
923 849 1084 891 putare,
1124 856 1171 880 ea
1200 841 1267 892 qui
1291 848 1447 880 secutus
1482 841 1540 889 sit,

212 909 328 946 laude
362 907 492 958 potius
521 915 558 946 et
590 909 741 946 honore
767 920 886 956 quam
922 920 1051 957 poena
1082 914 1121 945 et
1150 906 1344 957 supplicio
1379 906 1542 957 dignum

213 972 395 1011 iudicare.
457 974 589 1021 Quam
610 973 662 1010 ob
683 985 764 1010 rem
786 972 896 1010 labor
917 971 956 1009 in
972 973 1048 1010 hoc
1065 972 1319 1010 defendendo
1335 971 1543 1022 praecipue

214 1051 323 1076 meus
363 1045 432 1084 est,
474 1037 647 1076 studium
688 1051 780 1076 vero
820 1036 1080 1076 conservandi
1119 1036 1291 1076 hominis
1331 1050 1543 1075 commune

214 1103 308 1141 mihi
330 1102 534 1142 vobiscum
557 1117 642 1141 esse
663 1101 836 1141 debebit.

268 1168 330 1207 Sic
370 1168 474 1207 enim
515 1168 735 1207 existimare
775 1166 942 1215 debetis,
983 1168 1168 1217 Quirites,
1209 1175 1297 1218 post
1337 1167 1543 1206 hominum

214 1233 443 1272 memoriam
469 1247 550 1272 rem
575 1234 721 1271 nullam
754 1232 953 1280 maiorem,
976 1231 1098 1284 magis
1128 1231 1398 1283 periculosam,
1423 1232 1544 1283 magis

213 1300 263 1337 ab
295 1299 479 1338 omnibus
512 1298 623 1337 vobis
656 1300 941 1348 providendam
978 1312 1107 1348 neque
1138 1312 1161 1336 a
1195 1298 1353 1337 tribuno
1382 1299 1432 1347 pl.
1466 1312 1545 1336 sus-

214 1372 368 1415 ceptam
413 1378 542 1414 neque
581 1378 603 1401 a
643 1364 805 1401 consule
844 1364 1047 1402 defensam
1092 1377 1221 1413 neque
1263 1364 1313 1401 ad
1352 1364 1543 1413 populum

215 1432 441 1468 Romanum
474 1443 558 1467 esse
587 1430 770 1467 delatam.
829 1428 967 1478 Agitur
1000 1428 1105 1466 enim
1136 1427 1232 1466 nihil
1265 1427 1372 1466 aliud
1402 1427 1441 1465 in
1471 1428 1544 1466 hac

213 1509 340 1543 causa,
378 1494 562 1544 Quirites,
599 1495 677 1533 m‘si
708 1501 749 1532 ut
782 1494 933 1532 nullum
965 1494 1012 1532 sit
1043 1495 1212 1544 posthac
1244 1493 1284 1531 in
1314 1508 1354 1532 re
1388 1493 1545 1544 publica

213 1560 415 1611 publicum
437 1559 658 1606 consilium,
677 1560 783 1597 nulla
805 1559 1000 1597 bonorum
1023 1558 1233 1597 consensio
1253 1566 1389 1597 contra
1405 1558 1544 1608 impro-

214 1626 353 1663 borum
385 1627 553 1663 furorem
585 1632 624 1663 et
650 1623 867 1671 audaciam,
899 1626 1050 1662 nullum
1077 1623 1258 1663 extremis
1283 1623 1336 1663 rei
1364 1623 1545 1674 publicae

213 1691 456 1741 temporibus
478 1690 696 1740 perfugium
718 1698 756 1728 et
777 1689 1014 1740 praesidium
1042 1689 1185 1728 salutis.
1247 1691 1360 1738 Quae
1381 1703 1472 1727 cum
1493 1688 1545 1726 ita

214 1756 301 1803 sint,
339 1755 523 1805 primum,
561 1756 669 1805 quod
708 1754 747 1792 in
788 1762 895 1793 tanta
934 1754 1188 1793 dimicatione
1226 1754 1375 1805 capitis,
1418 1756 1544 1792 famae

214 1824 535 1871 fortunarumque
566 1820 744 1859 omnium
776 1819 856 1858 sieri
889 1834 1048 1858 necesse
1078 1828 1147 1866 cst,
1174 1820 1225 1858 ab
1261 1821 1356 1858 Iove
1380 1819 1544 1870 Optimo

216 1889 392 1926 Maximo
428 1886 645 1937 ceterisque
681 1886 741 1925 dis
777 1886 1007 1936 deabusque
1043 1885 1339 1933 immortalibus,
1377 1899 1544 1935 quorum

213 1967 290 2004 ope
313 1960 351 1991 et
372 1952 515 1991 auxilio
546 1953 670 1990 multo
702 1950 823 2002 magis
854 1952 950 1989 haec
981 1965 1040 1989 res
1066 1950 1224 2001 publica
1252 1965 1370 2001 quant
1396 1950 1544 1988 ratione

215 2018 421 2057 hominum
455 2025 491 2056 et
523 2017 689 2056 consilio
727 2017 978 2066 gubernatur,
1012 2030 1149 2066 pacem
1183 2030 1229 2053 ac
1263 2015 1417 2054 veniam
1452 2023 1543 2066 peto

1560 465 1577 496 5

1565 793 1601 814 10

1566 1117 1602 1149 Ι5

1565 1442 1605 1463 20

216 2098 431 2136 precorque
454 2084 503 2122 ab
529 2083 584 2122 eis
615 2091 656 2120 ut
690 2082 924 2121 hodiernum
961 2081 1066 2120 diem
1089 2089 1125 2119 et
1156 2084 1205 2119 ad
1236 2082 1349 2119 huius
1377 2083 1542 2120 salutem
1563 2092 1606 2124 30

263 2199 296 2219 11
326 2199 431 2227 caque
448 2186 504 2226 qui
526 2186 656 2226 Krousa
812 2195 848 2224 13
875 2185 1019 2216 iudicare
1037 2185 1066 2219 k,
1093 2184 1283 2215 Turnebus:
1317 2184 1454 2215 iudicari
1476 2188 1541 2215 cell.

218 2243 252 2262 ’.ιι
281 2232 345 2263 nisi
361 2232 390 2269 k,
411 2231 543 2261 Halm:
568 2240 665 2270 quain
681 2231 764 2269 piſse:
789 2240 854 2260 0111.
876 2232 940 2259 cell.
1065 2239 1103 2265 ²4
1131 2227 1247 2259 salutis
1264 2228 1354 2259 bo‘a‘:
1379 2228 1494 2259 salutis
1511 2226 1548 2258 K

219 2275 281 2311 {vel
296 2276 356 2314 R),
376 2278 442 2305 cell.
459 2285 465 2311 ;
491 2275 527 2314 <f-
550 2277 565 2311 ξ
588 2284 639 2312 13,
659 2273 727 2304 (fat.
746 2273 765 2304 i.
786 2274 827 2305 26
945 2282 984 2311 :25
1009 2271 1115 2312 quod]
1134 2272 1268 2311 quidem
1286 2272 1394 2313 olmnp
1504 2280 1547 2309 3ο

217 2319 258 2351 iis
275 2319 322 2350 εἴ
338 2329 346 2349 :
372 2319 424 2349 his
443 2318 522 2360 (hiis
539 2318 583 2358 Ω)
603 2320 666 2348 cell.
