1716 2662
492 82 551 119 IN
586 83 626 119 L.
662 83 909 119 PISONEM
943 84 1158 120 ORATIO
1450 95 1488 133 {J

163 194 304 233 nostris
338 194 569 233 auctoritate
599 208 667 232 sua
695 194 1049 244 consularilmsque
1081 195 1216 232 litteris
1248 209 1338 239 non,
1371 203 1411 234 ut
1447 204 1487 234 tu

163 260 330 298 Insuber
354 260 484 297 dicere
507 272 624 297 ausus
645 272 696 305 es,
721 259 901 296 orbatum
931 259 1053 309 patria
1075 261 1155 304 sed,
1180 268 1220 297 ut
1246 269 1402 298 senatus
1425 260 1489 298 illo

161 326 246 375 ipso
274 333 450 375 tempore
479 324 699 374 appellavit,
723 323 849 362 civem
882 332 1199 374 servatoremque
1229 325 1281 362 rei
1308 325 1488 374 publicae

159 390 463 429 commendavit.
523 391 587 428 Ad
619 403 748 428 meam
783 389 897 427 unius
929 389 1101 428 hominis
1133 391 1299 429 salutem
1331 398 1488 429 senatus

122 468 139 500 5
159 455 346 494 auxilium
362 455 541 494 omnium
561 455 705 493 civium
726 462 868 494 cuncta
889 469 936 493 ex
962 455 1075 494 Italia
1096 456 1163 505 qui
1185 470 1265 494 rem
1287 456 1485 507 publicam

158 522 305 559 salvam
339 534 424 559 esse
455 522 600 559 vellent
630 520 802 559 consulis
830 533 926 559 voce
961 529 999 559 et
1029 521 1165 559 litteris
1195 521 1486 572 implorandum

159 585 319 636 putavit.
379 585 462 624 Mei
492 585 629 636 capitis
658 585 917 624 conservandi
948 598 1066 624 causa
1095 587 1266 624 Romam
1291 600 1372 625 uno
1392 595 1488 626 tem-

157 664 252 701 pore
276 650 387 701 quasi
414 650 526 700 signo
546 651 640 689 dato
662 650 775 689 Italia
803 658 884 689 tota
911 651 1106 689 convenit.
1168 653 1230 690 De
1255 665 1342 691 mea
1362 654 1486 691 salute

104 763 110 769 -
158 716 199 753 Ρ.
244 715 411 762 Lentuli,
456 715 777 765 praestantissimi
828 715 897 754 viri
945 723 1064 765 atque
1112 716 1250 766 optimi
1299 717 1482 765 consulis,

105 780 230 819 toCn.
273 780 449 830 Pompei,
491 779 692 818 clarissimi
741 788 859 830 atque
904 780 1146 819 invictissimi
1189 781 1293 829 civis,
1340 790 1485 822 cetero-

157 859 323 896 rumque
362 845 582 896 principum
631 845 797 884 civitatis
845 846 1123 885 celeberrimae
1167 854 1204 886 et
1244 847 1485 897 gratissimae

155 910 361 949 contiones
381 912 547 949 fuerunt.
592 912 653 949 De
674 924 736 949 me
757 918 913 949 senatus
936 911 987 949 ita
1003 912 1174 950 decrevit
1195 913 1268 951 Cn.
1294 913 1484 963 Pompeio

155 984 315 1014 auctore
348 984 386 1014 et
420 975 503 1014 eius
531 976 747 1014 sententiae
784 976 961 1026 principe
993 985 1046 1024 ut,
1076 977 1106 1015 si
1138 978 1224 1027 quis
1256 978 1483 1028 impedisset

155 1041 322 1079 reditum
352 1038 498 1089 meum,
519 1041 558 1079 in
580 1040 751 1079 hostium
778 1055 942 1080 numero
965 1050 1173 1091 putaretur,
1197 1043 1331 1093 eisque
1356 1043 1483 1082 verbis

154 1119 200 1144 ea
238 1107 288 1144 de
328 1120 391 1145 me
429 1114 586 1144 senatus
619 1106 829 1144 auctoritas
865 1107 1061 1145 declarata
1093 1111 1150 1145 est
1182 1117 1223 1145 ut
1255 1107 1403 1146 nemini
1435 1108 1482 1146 sit

153 1171 373 1221 triumphus
413 1171 734 1209 honorificentius
773 1185 892 1221 quam
933 1171 1029 1210 mihi
1068 1174 1171 1210 salus
1210 1173 1481 1224 restitutioque

154 1237 376 1287 perscripta.
438 1239 498 1275 De
523 1250 585 1275 me
609 1250 699 1275 cum
725 1250 863 1275 omnes
894 1237 1140 1287 magistratus
1169 1240 1480 1288 promulgassent

153 1310 303 1352 praeter
341 1316 464 1340 unum
503 1309 732 1351 praetorem,
773 1316 795 1340 a
834 1315 914 1352 quo
957 1316 1037 1340 non
1076 1303 1147 1341 fuit
1186 1305 1477 1353 postulandum,

152 1369 306 1405 fratrem
348 1366 493 1404 inimici
533 1366 620 1413 mei,
662 1374 892 1417 praeterque
930 1369 1030 1406 duos
1069 1369 1120 1406 de
1158 1368 1288 1418 lapide
1326 1377 1480 1419 eruptos

94 1451 133 1474 20
152 1432 340 1478 tribunos,
364 1434 488 1482 legem
511 1431 679 1469 comitiis
704 1432 929 1470 centuriatis
950 1432 1037 1470 tulit
1063 1434 1103 1471 P.
1128 1434 1317 1471 Lentulus
1342 1437 1480 1472 consul

151 1499 202 1536 de
223 1498 410 1547 conlegae
438 1498 489 1545 Q.
513 1496 661 1535 Metelli
690 1496 894 1543 sententia,
922 1510 1041 1547 quem
1069 1511 1225 1535 mecum
1253 1499 1391 1536 eadem
1419 1513 1479 1538 res

150 1562 309 1613 publica
351 1576 453 1612 quae
491 1562 531 1600 in
573 1562 769 1600 tribunatu
810 1562 893 1600 eius
933 1562 1151 1601 diiunxerat
1195 1562 1233 1600 in
1272 1565 1477 1602 consulatu

149 1627 289 1666 virtute
333 1627 470 1677 optimi
511 1640 557 1666 ac
601 1627 798 1665 iustissimi
843 1627 911 1665 viri
952 1627 1221 1678 sapientiaque
1263 1628 1477 1668 coniunxit.

1515 101 1554 134 34

1507 924 1545 956 35

151 1695 264 1742 Quae
302 1695 363 1732 lex
396 1707 515 1743 quem
546 1694 597 1731 ad
637 1693 800 1731 modum
833 1700 996 1743 accepta
1034 1693 1081 1731 sit
1117 1693 1212 1743 quid
1245 1707 1306 1731 me
1339 1694 1477 1733 attinet
1498 1697 1539 1738 36

91 1775 129 1807 ²5
149 1758 308 1797 dicere?
376 1761 434 1796 Ex
465 1758 576 1797 vobis
613 1758 733 1797 audio
773 1758 920 1796 nemini
960 1758 1033 1797 civi
1073 1760 1191 1796 ullam
1230 1772 1309 1808 quo
1348 1759 1476 1796 minus

147 1824 302 1862 adesset
350 1823 441 1861 satis
489 1823 629 1862 iustam
680 1823 971 1863 excusationem
1022 1837 1106 1862 esse
1154 1823 1299 1871 visam;
1360 1823 1476 1861 nullis

147 1888 316 1927 comitiis
355 1902 544 1938 umquam
582 1902 712 1939 neque
747 1889 1040 1928 multitudinem
1081 1887 1287 1926 hominum
1327 1896 1474 1926 tantam

194 2003 206 2023 1
235 1993 536 2033 consularibusque
553 1993 638 2025 PV:
662 1994 895 2025 consularibus
912 1997 976 2024 cett.
1078 2004 1097 2022 2
1123 1992 1267 2023 Insuber
1288 1991 1473 2022 Turnebus:

148 2038 285 2075 insuper
303 2039 422 2076 (super
442 2037 497 2071 V1,
518 2047 654 2077 semper
676 2037 734 2075 V2)
753 2037 842 2068 codd.
969 2046 989 2075 3
1015 2041 1293 2075 servatoremque
1311 2037 1390 2073 (om.
1410 2046 1473 2074 que

147 2080 192 2119 P>
211 2080 294 2111 PV:
320 2086 593 2111 conservatorem
615 2082 784 2120 (-rernque
804 2082 834 2121 e)
853 2083 917 2112 cett.
1092 2092 1110 2118 4
1136 2079 1282 2110 hominis
1297 2078 1381 2109 PV:
1406 2090 1470 2109 om.

147 2128 209 2156 cett.
388 2133 407 2163 5
431 2124 553 2155 civium
570 2135 634 2154 om.
659 2125 690 2154 V
849 2134 866 2163 7
894 2124 1120 2154 conservandi
1139 2122 1193 2153 P:
1227 2122 1384 2152 servandi
1407 2126 1470 2152 cell.

145 2178 168 2207 9
193 2167 330 2198 consule
353 2166 462 2207 Vmg.
484 2169 546 2205 (m.
565 2168 600 2207 2)
721 2178 756 2206 14
783 2172 998 2207 reputaretur
1018 2166 1051 2196 V
1155 2166 1272 2205 eisque
1293 2165 1343 2195 V:
1367 2165 1473 2204 iisque

146 2209 256 2241 EM²n
274 2222 280 2241 ε
305 2212 424 2250 hisque
444 2210 537 2242 P‘f:
561 2220 667 2250 usque
685 2210 803 2250 εΜῙμχ
911 2220 947 2248 15
974 2221 1012 2240 ea
1029 2211 1071 2240 de
1090 2208 1159 2249 mc]
1178 2209 1295 2239 eadem
1318 2209 1350 2238 V
1437 2218 1471 2247 17

147 2255 354 2294 praescripta
381 2253 445 2284 VN
605 2264 648 2285 20
668 2254 822 2284 tribunos
840 2253 963 2285 P.L.B.
986 2253 1017 2282 V
1167 2262 1208 2281 22
1234 2253 1425 2282 diiunxerat
1442 2252 1473 2281 1':

146 2297 356 2328 disiunxerat
378 2296 555 2337 [diluxerat
580 2296 624 2338 P)
641 2300 704 2329 cett.
859 2307 900 2336 23
924 2296 979 2337 ac]
998 2302 1097 2334 atque
1116 2295 1222 2325 Halm
1355 2306 1394 2334 24
1421 2305 1471 2324 re-

146 2346 244 2381 cepta
261 2340 293 2370 P
437 2351 474 2379 27
502 2351 611 2380 neque
630 2341 720 2372 mult.
745 2341 793 2372 V:
819 2350 879 2371 nec
897 2341 988 2370 mult.
1008 2343 1072 2371 cett.
