1716 2662
405 331 475 381 M.
521 330 739 379 TVLLI
790 329 1192 378 CICERONIS

140 455 238 504 DE
273 455 464 505 LEGE
493 455 833 504 AGRARIA
860 453 1148 501 ORATIO
1176 453 1460 501 TERTIA

204 572 512 621 CONTRA
551 573 602 621 P.
642 571 1043 619 SERVILIVM
1088 571 1381 618 RVLLVM

358 690 472 736 TR.
514 690 704 738 PLEB.
744 689 847 737 AD
887 689 1227 736 POPVLVM

1483 799 1499 825 1

190 818 448 856 COMMODn's
487 815 671 854 fecissent
706 815 851 855 tribuni
886 815 1024 866 plebis,
1063 814 1247 864 Quirites,
1284 815 1324 864 si,
1362 829 1497 880 quae1

133 883 239 932 apud
269 894 338 921 vos
367 882 419 920 de
449 894 512 919 me
541 882 733 929 deferunt,
766 894 812 919 ea
841 893 973 919 coram
1004 880 1135 930 potius
1165 894 1228 919 me
1257 889 1462 931 praesente

134 946 322 985 dixissent
340 960 350 993 3
379 959 470 984 nam
492 953 530 985 et
557 945 795 996 aequitatem
816 952 966 984 vestrae
996 945 1293 996 disceptationis
1314 953 1351 984 et
1373 959 1463 984 eon-

133 1012 385 1051 suetudinem
416 1011 660 1063 superiorum
690 1019 728 1051 et
758 1011 817 1050 ius
847 1024 940 1050 suae
970 1011 1174 1062 potestatis
1199 1011 1458 1050 retinuissent.

96 1097 112 1127 5
133 1079 209 1116 Sed
242 1076 431 1128 quoniam
466 1078 598 1116 adhuc
632 1090 816 1126 praesens
851 1084 1050 1115 certamen
1085 1076 1463 1127 contentionemque

133 1145 324 1194 fugerunt,
349 1155 466 1190 nunc,
490 1141 521 1180 si
541 1142 695 1181 videtur
715 1141 780 1189 eis,
804 1142 844 1179 in
864 1154 993 1180 meam
1020 1140 1248 1179 contionem
1270 1142 1462 1192 prodeant

133 1216 184 1256 et,
214 1220 296 1258 quo
326 1207 528 1258 provocati
559 1221 582 1246 a
616 1220 679 1245 me
714 1207 846 1246 venire
879 1207 1100 1253 noluerunt,
1124 1206 1293 1245 revocati
1324 1208 1462 1245 saltem

133 1280 382 1312 revertantur.
443 1272 573 1312 Video
603 1273 810 1323 quosdam,
833 1272 1018 1321 QuiriteS,
1052 1271 1214 1322 strepitu
1245 1271 1462 1322 significare
1484 1283 1499 1305 ²

133 1338 266 1377 nescio
296 1338 391 1388 quid
423 1346 461 1377 et
491 1351 570 1377 non
592 1339 754 1377 eosdem
775 1339 903 1376 voltus
925 1351 1024 1388 quos
1049 1337 1225 1388 proxima
1255 1351 1343 1375 mea
1371 1350 1462 1375 con-

76 1422 114 1445 10
133 1404 240 1443 tione
261 1405 524 1454 praebuerunt
546 1405 585 1442 in
607 1405 709 1442 hanc
735 1403 963 1442 contionem
991 1402 1086 1441 mibi
1108 1402 1311 1441 rettulisse.
1372 1404 1461 1451 Qua

133 1483 172 1508 re
185 1482 206 1508 a
220 1469 331 1508 vobis
348 1469 415 1519 qui
432 1469 527 1507 nihil
542 1470 592 1508 de
610 1482 673 1507 me
690 1468 910 1507 credidistis
925 1476 965 1506 ut
982 1481 1068 1507 eam
1084 1469 1324 1506 voluntatem
1342 1482 1460 1518 quam

132 1547 286 1584 semper
317 1534 508 1572 habuistis
542 1547 629 1584 erga
660 1547 723 1573 me
758 1533 954 1572 retineatis
986 1540 1102 1583 pet03
1136 1546 1159 1571 a
1187 1533 1299 1571 vobis
1328 1540 1460 1572 autem

131 1612 231 1650 quos
262 1599 397 1639 leviter
427 1599 655 1639 immutatos
680 1613 764 1639 esse
788 1598 915 1638 sentio
937 1610 1094 1648 parvam
1127 1597 1252 1648 exigui
1275 1599 1460 1649 temporis

132 1679 289 1704 usuram
326 1666 453 1704 bonae
487 1667 537 1705 de
567 1680 630 1705 me
662 1664 859 1716 opinionis
889 1664 1057 1714 postulo,
1090 1670 1131 1701 ut
1164 1676 1261 1709 eam,
1296 1663 1325 1701 si
1360 1677 1461 1714 quae

75 1745 111 1778 ¹5
134 1731 266 1770 dixero
297 1731 408 1769 vobis
438 1731 626 1782 probabo,
660 1738 850 1782 perpetuo
884 1727 1107 1775 retineatis:
1145 1727 1203 1765 sin
1233 1728 1353 1775 aliter,
1385 1730 1461 1768 hoc

132 1795 218 1846 ipso
247 1796 285 1834 in
317 1798 406 1835 loco
435 1796 656 1847 depositam
678 1805 796 1847 atque
821 1794 1015 1834 abiectam
1048 1793 1284 1843 relinquatis.
1345 1795 1462 1832 (Tom-
1482 1810 1498 1840 3

131 1861 223 1911 pleti
246 1869 335 1900 sunt
362 1861 483 1900 animi
496 1875 688 1912 auresque
708 1869 867 1908 vestrae,
890 1859 1074 1909 Quirites,
1096 1871 1158 1896 me
1179 1858 1460 1908 gratificantem

132 1926 340 1976 Septimiis,
375 1926 576 1965 Turraniis
606 1927 823 1977 ceterisque
861 1926 1107 1964 Sullanarum
1143 1924 1459 1973 adsignationum

132 1991 422 2040 possessoribus
453 1992 623 2043 agrariae
654 1992 728 2042 legi
761 1999 798 2030 et
831 1990 1052 2030 commodis
1088 1990 1223 2030 vestris
1259 1989 1457 2029 obsistere.

73 2070 113 2092 20
133 2056 226 2093 Hoc
256 2055 285 2093 si
317 2057 384 2107 qui
413 2056 674 2105 crediderunt,
695 2057 792 2095 illud
813 2055 918 2107 prius
940 2055 1176 2094 crediderint
1199 2068 1360 2093 necesse
1389 2062 1458 2103 est,

175 2169 194 2189 2
218 2158 324 2200 apud]
343 2160 384 2191 ad
401 2161 480 2191 coni.
500 2159 624 2190 Mzrller
724 2161 765 2190 dc
783 2170 847 2191 om.
866 2159 898 2190 E
1072 2169 1091 2197 3
1117 2163 1252 2190 nostrae
1272 2170 1315 2196 711,
1339 2158 1423 2199 Lag.
1440 2169 1461 2198 9

135 2213 174 2234 10
198 2203 385 2244 rettulisse]
414 2203 608 2243 praebuisse
636 2203 673 2234 N
822 2213 860 2242 13
887 2202 1044 2233 invitatos
1071 2200 1108 2231 N
1252 2212 1287 2241 15
1315 2202 1460 2242 probaro

132 2244 215 2286 Lag.
247 2256 278 2286 9,
313 2245 448 2278 Ernesti
629 2248 668 2277 18
699 2245 885 2286 Septimiis,
920 2245 1095 2276 Turraniis
1128 2244 1289 2286 flladvtg:
1329 2250 1459 2286 septem

131 2290 287 2328 tyrannis
304 2290 390 2320 codd.
514 2300 552 2329 19
576 2290 760 2322 commodis
778 2290 898 2320 vestris
916 2289 1017 2320 EeN:
1043 2290 1218 2321 commodo
1236 2295 1350 2321 vestro
1367 2289 1461 2329 Mias-

85 2339 89 2342 ”
132 2343 173 2362 20
197 2332 279 2363 baec
297 2333 333 2362 N
