1747 2620
189 92 237 134 27
256 90 298 133 64
626 84 682 124 M.
713 86 882 124 TVLLI
914 85 1220 125 CICERONIS

189 207 235 245 27

185 1839 226 1871 66

310 199 565 248 Quamquam
592 197 680 248 quis
707 197 870 247 ignorat,
893 197 960 248 qui
981 199 1103 236 modo
1123 211 1313 248 umquam
1335 198 1583 239 mediocriter

253 276 312 301 res
352 262 443 301 istas
478 263 576 301 scire
614 262 776 311 curavit,
808 263 904 313 quin
943 262 1015 301 tria
1053 263 1296 302 Graecorum
1329 277 1472 314 genera
1505 264 1583 303 sint

253 330 373 366 vere?
417 341 585 378 quorum
620 328 688 366 uni
723 335 814 366 sunt
849 327 1124 375 Athenienses,
1162 343 1263 379 quae
1301 343 1397 379 gens
1438 331 1582 368 Ionum

255 393 483 440 habebatur,
507 392 641 431 Aeolis
672 393 791 440 alteri,
813 393 930 432 Doris
952 393 1052 432 tertii
1073 394 1391 433 nominabantur.
1450 396 1583 445 Atque

253 458 350 496 haec
371 465 514 497 cuncta
536 458 710 505 Graecia,
731 472 832 508 quae
853 460 967 506 fama,
992 472 1093 508 quae
1113 458 1245 509 gloria,
1269 473 1369 510 quae
1390 459 1579 508 doctrina,

252 536 353 573 quae
383 522 559 574 plurimis
590 523 748 570 artibus,
773 537 874 573 quae
895 523 1012 562 etiam
1044 523 1208 574 imperio
1233 531 1271 563 et
1297 524 1437 563 bellica
1465 526 1582 564 laude

251 589 391 636 floruit,
430 603 591 640 parvum
622 590 823 640 quendam
855 590 998 638 locum,
1033 596 1076 628 ut
1110 589 1226 638 scitis,
1262 591 1444 640 Europae
1475 598 1583 629 tenet

250 668 483 705 semperque
513 654 650 702 tenuit,
673 654 792 693 Asiae
822 654 1057 693 maritimam
1088 668 1196 693 oram
1226 655 1332 694 bello
1361 664 1581 706 superatam

250 720 370 759 cinxit
387 720 562 763 urbibus,
583 734 664 759 non
681 728 723 759 ut
739 720 884 758 victam
901 721 1067 759 coloniis
1083 721 1188 759 illam
1204 721 1500 771 constringeret,
1513 722 1583 760 sed

216 791 227 798 '
250 792 292 822 ut
312 786 514 824 obsessam
537 792 699 824 teneret.
759 786 890 834 Quam
916 785 969 824 ob
997 799 1078 824 rem
1103 800 1251 836 quaeso
1277 800 1301 824 a
1328 786 1450 834 vobis,
1474 786 1583 825 Asia-

249 849 317 889 tici
345 857 474 899 testes,
497 858 551 899 ut,
581 864 672 889 cum
693 864 782 889 vere
812 851 1007 890 recordari
1028 851 1167 890 voletis
1198 859 1389 901 quantum
1419 851 1583 890 auctori-

249 915 339 954 tatis
371 915 411 954 in
446 915 636 955 iudicium
668 915 863 963 adferatis,
897 924 1051 955 vosmet
1082 916 1156 967 ipsi
1186 916 1416 955 describatis
1446 916 1581 955 Asiam

248 995 322 1020 nec
343 983 440 1032 quid
459 982 702 1032 alienigenae
724 983 773 1020 de
790 981 902 1020 vobis
923 981 1032 1033 loqui
1049 984 1211 1029 soleant,
1227 983 1297 1022 sed
1318 982 1414 1033 quid
1430 990 1582 1021 vosmet

248 1046 321 1097 ipsi
351 1048 401 1086 de
430 1061 572 1098 genere
601 1055 731 1086 vestro
761 1047 949 1094 statuatis,
983 1047 1249 1086 memineritis.
1310 1049 1504 1098 Namque,
1540 1056 1581 1086 ut

247 1112 398 1162 opinor,
423 1113 518 1151 Asia
538 1121 665 1152 vestra
687 1122 843 1153 constat
865 1128 911 1152 ex
933 1114 1110 1164 Phrygia,
1130 1114 1268 1164 Mysia,
1294 1114 1419 1162 Caria,
1444 1114 1577 1165 Lydia.

247 1180 389 1217 Vtrum
429 1178 544 1229 igitu‘r
583 1187 760 1218 nostrum
801 1187 859 1218 est
897 1194 948 1218 an
988 1188 1159 1218 vestrum
1199 1181 1277 1219 hoc
1315 1180 1578 1231 proverbium,

251 1245 470 1294 ‘Phrygem
506 1244 628 1295 plagis
664 1245 744 1283 fieri
779 1247 903 1284 solere
939 1245 1196 1285 meliorem’?
1253 1245 1392 1294 Quid?
1418 1247 1471 1285 de
1498 1253 1581 1284 tota

248 1309 363 1349 Caria
390 1323 523 1348 nonne
554 1311 630 1349 hoe
660 1318 788 1349 vestra
819 1324 916 1349 voce
948 1312 1146 1361 volgatum
1177 1319 1246 1358 est,
1283 1310 1335 1349 ‘si
1366 1310 1462 1361 quid
1489 1324 1579 1349 cum

248 1374 421 1424 periculo
448 1374 611 1425 experiri
632 1375 737 1422 velis,
771 1377 810 1413 in
842 1377 942 1415 Care
974 1375 1013 1414 id
1044 1375 1294 1425 potissimum
1324 1389 1410 1415 esse
1440 1375 1580 1415 facien-

247 1441 343 1478 dum
361 1441 396 1479 ⁷?
455 1440 564 1489 Quid
592 1454 707 1490 porro
738 1441 777 1479 in
807 1443 961 1480 Graeco
990 1455 1171 1480 sermone
1197 1449 1277 1480 tarn
1298 1441 1431 1480 tritum
1461 1449 1579 1492 atque

246 1506 487 1544 celebratum
510 1514 567 1545 est
589 1520 718 1556 quam,
743 1506 773 1545 si
796 1506 882 1557 quis
908 1506 1127 1557 despicatui
1155 1507 1319 1555 ducitur,
1349 1515 1391 1545 ut
1423 1508 1580 1557 ‘Myso-

247 1585 331 1609 rum
371 1571 556 1609 ultimus'
596 1585 680 1610 esse
721 1572 902 1610 dicatur?
970 1573 1073 1610 Nam
1114 1572 1209 1622 quid
1249 1586 1321 1623 ego
1361 1572 1490 1611 dicam
1529 1573 1579 1611 de

248 1636 403 1686 Lydia?
461 1636 560 1686 Quis
582 1650 771 1687 umquam
796 1639 969 1675 Graecus
999 1637 1246 1676 comoediam
1272 1637 1424 1688 scripsit
1445 1637 1485 1675 in
1502 1651 1579 1688 qua

246 1715 378 1740 servus
418 1701 631 1752 primarum
668 1701 834 1752 partium
868 1715 948 1740 non
985 1703 1119 1751 Lydus
1154 1703 1287 1740 esset?
1356 1703 1486 1751 Quam
1524 1703 1578 1741 ob

246 1780 328 1805 rem
349 1781 449 1817 quae
471 1767 581 1806 vobis
611 1768 653 1805 sit
681 1766 830 1814 iniuria,
856 1766 885 1805 si
918 1766 1124 1805 statuimus
1146 1775 1273 1806 vestro
1294 1766 1409 1805 nobis
1431 1766 1577 1805 iudicio

247 1833 431 1870 standum
454 1846 538 1871 esse
560 1834 609 1871 de
631 1832 742 1871 vobis
760 1834 776 1870 ?
835 1832 1032 1882 Equidem
1056 1832 1151 1870 mihi
1173 1832 1249 1870 iam
1271 1831 1362 1870 satis
1384 1846 1578 1882 superque

246 1896 389 1935 dixisse
427 1897 562 1936 videor
609 1899 659 1936 de
707 1897 883 1936 Asiatico
922 1912 1064 1948 genere
1103 1897 1289 1945 testium;
1337 1898 1406 1936 sed
1446 1904 1576 1935 tamen

245 1972 416 2003 vestrum
447 1973 515 2013 est,
540 1965 700 2012 iudices,
725 1965 859 2004 omnia
880 1979 980 2016 quae
1005 1965 1082 2004 dici
1110 1972 1276 2016 possunt
1303 1963 1342 2002 in
1370 1962 1576 2002 hominum

290 2087 307 2115 4
333 2077 515 2107 habebatur
532 2077 587 2107 ΣὸῙ
608 2089 613 2107 :
639 2077 778 2107 habetur
796 2079 859 2107 (cll.
964 2075 1090 2107 Aeoles
1108 2075 1137 2105 b¹
1254 2075 1361 2106 Dores
1379 2074 1407 2104 b¹
1556 2074 1576 2104 8

246 2120 444 2151 maritimam
463 2120 562 2151 2b¹kz
597 2121 772 2151 maximam
791 2124 855 2151 cell.
1036 2130 1056 2158 9
1081 2120 1219 2150 urbibus
1244 2119 1299 2150 ΣΙ)1
1319 2130 1325 2149 :
1358 2118 1483 2148 viribus
1507 2121 1570 2149 cett.

245 2164 365 2194 victam
383 2165 499 2205 scripsi
514 2165 565 2204 (cf.
589 2168 602 2202 ξ
622 2166 677 2204 69Ὗ
698 2176 703 2195 :
737 2164 898 2194 inunitam
917 2162 1004 2194 codd.
1129 2163 1378 2201 constringeret
1395 2161 1509 2200 scrr'pSi
1522 2162 1574 2200 (rs.

246 2207 336 2239 Rull.
359 2207 377 2237 i.
402 2209 439 2237 16
471 2219 477 2238 ε
507 2213 686 2247 generaret
705 2211 748 2238 Σε
785 2211 925 2246 augeret
949 2206 1025 2237 b1k:
1049 2212 1186 2245 gentem
1204 2206 1301 2246 Βχεε
1331 2205 1535 2245 gubernaret
1551 2206 1572 2238 ι’,

243 2249 371 2292 Stangl
561 2262 597 2281 12
622 2252 771 2282 asseratis
788 2250 845 2290 Βχ
863 2263 868 2281 :
893 2250 1021 2281 affertis
1039 2250 1117 2281 zb¹k
1135 2261 1141 2280 ε
1166 2249 1328 2280 deseratis
1343 2259 1359 2278 c
1538 2258 1576 2287 19

245 2294 332 2324 Care
350 2305 375 2330 ε,
394 2294 559 2326 Erasmus
576 2307 582 2326 :
608 2295 707 2326 Caria
725 2295 810 2326 zbk:
836 2305 873 2324 ea
891 2304 926 2325 re
943 2304 984 2333 χε
1115 2295 1155 2324 26
1180 2303 1347 2333 superque
1366 2292 1432 2332 χῶς
1457 2301 1573 2331 supra—

244 2347 309 2375 que
330 2342 393 2369 cetl.

1602 471 1619 502 5

1605 798 1641 821 10

1599 1455 1640 1477 20

1599 1781 1635 1812 25
