1716 2662
412 88 523 127 PRO
553 90 600 126 A.
633 88 885 128 CAECINA
917 89 1136 128 ORATIO
1386 101 1497 138 3395

109 211 188 236 non
217 198 369 249 possit?
424 200 478 236 Vt
507 212 557 237 ne
586 198 738 248 longius
768 198 920 246 abeam,
952 200 1124 238 declarat
1153 199 1227 238 ista
1255 200 1438 250 ascriptio

107 276 193 303 esse
217 262 395 314 aliquid3
423 277 526 310 nam,
553 262 625 301 nisi
656 270 768 310 esset,
791 264 868 302 hoc
895 263 934 301 in
962 263 1147 302 omnibus
1178 263 1328 314 legibus
1355 278 1436 302 non

108 327 373 367 ascriberetur.
433 329 511 367 Sed
532 341 678 378 quaero
697 330 740 366 de
760 336 808 375 te,
833 336 1010 378 putesne,
1034 328 1066 367 si
1087 330 1256 380 populus
1284 329 1436 367 iusserit
1455 333 1498 376 96

109 406 172 432 me
193 401 303 432 tuum
329 400 397 432 aut
417 401 456 432 te
476 407 609 432 meum
630 407 783 432 servum
813 407 908 442 esse,
931 394 971 433 id
994 394 1143 433 iussum
1170 402 1296 433 ratum
1318 402 1437 444 atque

70 474 87 507 5
108 459 264 497 firmum
293 460 477 497 futurum.
538 459 728 510 Perspicis
760 460 836 498 hoc
866 459 962 498 nihil
992 473 1077 499 esse
1107 467 1148 499 et
1175 460 1304 499 fateris
1320 475 1329 507 3
1360 474 1438 511 qua

107 522 146 561 in
171 537 210 562 re
237 523 406 574 primurn
427 523 524 562 illud
544 524 741 572 concedis,
764 538 847 563 non
867 524 1056 575 quicquid
1077 526 1246 575 populus
1272 524 1435 571 iusserit,

106 597 232 627 ratum
253 602 338 627 esse
365 588 544 640 opOrtere
558 603 568 637 3
598 589 745 628 deinde
775 589 871 628 nihil
899 589 1059 629 rationis
1087 591 1216 629 adfers
1244 603 1362 640 quam
1384 590 1436 628 ob

107 667 199 701 rem,
237 653 267 692 si
303 654 460 693 libertas
498 654 619 693 adimi
655 656 764 693 nullo
796 656 917 694 modo
956 655 1090 706 possit,
1133 655 1267 694 civitas
1301 655 1434 706 possit.

109 720 212 757 Nam
245 727 282 758 et
314 721 455 758 eodem
490 721 612 759 modo
646 721 697 759 de
726 728 890 771 utraque
924 734 965 759 re
998 720 1185 760 traditum
1216 720 1330 759 nobis
1365 727 1434 766 est,

50 801 90 823 10
109 791 158 830 et,
181 783 212 822 si
233 786 353 823 semel
375 784 508 823 civitas
528 784 650 824 adimi
671 793 812 836 potest,
834 785 989 824 retineri
1013 785 1170 825 libertas
1191 799 1273 824 non
1294 793 1432 835 potest.

109 849 188 899 Qui
210 850 314 888 enim
336 858 465 901 potest
492 850 574 889 iure
595 851 809 900 Quiritium
837 851 934 890 liber
954 865 1040 890 esse
1060 851 1091 890 is
1118 851 1185 902 qui
1206 851 1246 889 in
1270 865 1435 890 numero

108 915 320 964 Quiritium
342 930 423 955 non
444 918 524 955 est?
568 918 700 967 Atque
721 931 794 967 ego
814 918 916 956 hanc
935 918 1255 956 adulescentulus
1276 930 1434 955 causam
1455 928 1496 963 97

106 994 197 1018 cum
224 994 378 1031 agerem
405 988 541 1019 contra
570 981 773 1020 hominem
798 981 1099 1021 disertissimum
1124 990 1280 1020 nostrae
1306 981 1436 1020 civita-

107 1044 165 1092 tis,
193 1047 236 1084 C.
258 1047 428 1092 Cottam,
451 1046 623 1096 probavi.
675 1048 778 1086 Cum
798 1046 1002 1085 Arretinae
1023 1046 1194 1085 mulieris
1215 1047 1434 1086 libertatem

50 1125 86 1158 15
106 1111 360 1149 defenderem
408 1117 446 1148 et
495 1111 614 1149 Cotta
666 1110 785 1148 xviris
833 1110 1059 1161 religionem
1109 1110 1306 1149 iniecisset
1352 1124 1434 1149 non

106 1188 221 1226 posse
242 1182 417 1213 nostrum
439 1183 726 1214 sacramentum
752 1174 896 1213 iustum
918 1175 1091 1222 iudicari,
1114 1177 1224 1225 quod
1244 1175 1433 1214 Arretinis

105 1241 290 1291 adempta
325 1240 459 1279 civitas
498 1248 612 1289 esset,
647 1248 686 1279 et
724 1253 798 1290 ego
830 1240 1101 1279 vehementius
1140 1240 1433 1280 contendissem

107 1305 303 1344 civitatem
331 1306 455 1345 adimi
485 1320 567 1345 non
597 1319 725 1357 posse,
760 1305 859 1344 xviri
890 1306 1015 1357 prima
1043 1305 1199 1344 actione
1230 1320 1311 1345 non
1338 1305 1435 1345 iudi-

106 1379 317 1419 caverunt;
364 1379 502 1422 postea
536 1386 576 1410 re
607 1370 785 1421 quaesita
819 1378 856 1410 et
891 1371 1107 1420 deliberata
1145 1379 1432 1410 sacramentum

49 1452 89 1474 20
107 1444 283 1475 nostrum
305 1436 450 1475 iustum
478 1436 758 1475 iudicaverunt.
809 1438 942 1486 Atque
963 1437 1039 1474 hoc
1058 1443 1098 1474 et
1117 1443 1254 1474 contra
1277 1435 1435 1474 dicente

107 1503 226 1541 Cotta
260 1509 298 1540 et
332 1503 438 1540 Sulla
469 1501 558 1540 vivo
592 1501 808 1540 iudicatum
848 1509 916 1540 est.
977 1502 1062 1539 Iam
1096 1514 1188 1540 vero
1221 1500 1261 1539 in
1296 1500 1434 1540 ceteris

106 1566 222 1605 rebus
246 1574 288 1604 ut
317 1580 455 1605 omnes
483 1566 549 1616 qui
577 1565 616 1604 in
646 1567 786 1605 eadem
815 1580 933 1604 causa
959 1573 1050 1604 sunt
1078 1573 1116 1604 et
1145 1567 1230 1616 lege
1256 1574 1373 1616 agant
1396 1574 1434 1605 et

107 1645 221 1670 suum
252 1631 311 1670 ius
334 1640 628 1682 persequantur,
651 1640 691 1670 et
717 1631 827 1670 omni
847 1631 929 1670 iure
958 1631 1061 1670 civili
1087 1631 1172 1670 sine
1201 1632 1433 1683 cuiusquam

106 1706 173 1736 aut
205 1698 451 1749 magistratus
472 1706 541 1737 aut
570 1698 710 1737 iudicis
739 1706 806 1737 aut
835 1698 947 1749 periti
973 1698 1144 1737 hominis
1173 1707 1240 1738 aut
1266 1699 1433 1750 imperiti

48 1778 86 1809 25
106 1763 354 1802 dubitatione
374 1772 542 1812 utantur,
561 1764 657 1814 quid
674 1779 747 1815 ego
763 1766 1101 1803 commemorem?
1151 1764 1328 1804 Dubium
1349 1780 1434 1804 esse

107 1829 254 1868 nemini
276 1838 446 1868 vestrum
467 1838 574 1869 certo
593 1831 674 1868 scio.

156 1946 162 1964 1
196 1935 266 1975 ipsa
284 1936 413 1975 Kayser
521 1937 705 1976 adscriptio
726 1938 795 1975 (ab-
814 1937 872 1977 cc2)
898 1938 988 1970 ch2:
1013 1938 1053 1969 ab
1071 1938 1197 1978 scrIpto
1217 1939 1266 1977 (-a
1282 1938 1344 1979 ἅλ’)
1366 1943 1431 1970 crtf.

105 1989 125 2017 3
150 1980 190 2009 dc
207 1980 310 2019 suppl.
329 1979 444 2010 Baiter
459 1979 492 2018 (a
509 1980 613 2020 suppl.
631 1980 676 2012 ed.
701 1981 746 2021 V)
861 1993 880 2020 4
906 1992 958 2012 me
977 1988 1067 2013 tuum
1085 1987 1140 2012 aut
1159 1988 1190 2012 te
1209 1982 1307 2012 Klots
1323 1995 1329 2013 :
1357 1993 1434 2013 meo

107 2027 164 2052 tuo
182 2023 304 2053 auitem
324 2023 372 2053 T:
397 2034 450 2054 me
467 2029 558 2054 tuum
575 2029 632 2054 aut
650 2024 726 2055 item
746 2029 778 2056 tc
796 2029 861 2056 cell.
932 2026 1045 2065 atque]
1062 2030 1118 2056 aut
1136 2024 1195 2056 TE
1280 2035 1299 2063 5
1317 2026 1433 2056 fateris

108 2065 295 2105 Angclr'us:
321 2077 361 2096 ea
379 2067 461 2097 teris
480 2072 563 2107 [cat-
586 2067 630 2101 T)
649 2067 736 2099 codd.
830 2079 894 2108 qua
917 2068 965 2098 T:
990 2079 1074 2107 quae
1092 2073 1156 2100 cell.
1301 2070 1321 2098 6
1347 2069 1378 2099 in
1399 2079 1433 2099 re

107 2108 238 2139 Baiter:
264 2109 354 2140 inter
369 2110 457 2140 codd.
598 2121 638 2141 10
660 2111 759 2142 adimi
778 2112 895 2142 civitas
918 2111 948 2142 T
1046 2117 1156 2151 potest
1182 2113 1262 2142 'autc
1278 2113 1431 2143 retineri}

106 2163 171 2183 om.
197 2151 228 2183 T
358 2164 394 2192 14
420 2154 456 2184 C.
479 2153 582 2194 suppl.
604 2155 716 2185 Baiter
848 2165 884 2194 15
909 2155 1082 2194 religionis
1103 2155 1215 2186 codcl.:
1239 2166 1320 2186 corr.
1337 2155 1382 2187 ed.
1409 2155 1440 2185 V

112 2197 150 2225 16
176 2201 328 2226 nostrum
345 2207 427 2228 sacr.
455 2197 531 2228 TE:
556 2209 640 2229 sacr.
663 2203 812 2229 nostrum
831 2202 898 2230 cett.
1017 2209 1053 2237 17
1079 2199 1197 2228 civitas
1214 2198 1371 2238 adempta
1395 2199 1436 2229 Te

111 2240 149 2269 18
175 2249 275 2278 posse
299 2240 344 2270 T:
369 2242 520 2280 potuisse
537 2245 601 2272 cell.
738 2253 777 2272 22
804 2243 903 2272 rebus
928 2242 975 2272 T:
999 2253 1065 2272 om.
1085 2246 1148 2274 cett.
1275 2253 1316 2281 23
1340 2252 1434 2273 suum

107 2281 175 2323 ius]
195 2292 255 2313 sua
272 2283 346 2321 lege
369 2283 399 2313 T
482 2285 572 2314 omni
596 2285 687 2315 TEa:
713 2296 830 2315 omnes
848 2290 911 2316 cell.
1019 2294 1059 2324 25
1084 2296 1160 2316 csse
1186 2285 1259 2315 TE:
1283 2297 1348 2316 om.
1369 2289 1434 2318 cell.

108 2327 148 2356 26
173 2331 265 2357 certo
283 2326 351 2357 scio
366 2327 518 2365 Jordan:
545 2334 638 2359 certo
662 2329 753 2359 TEc:
778 2334 867 2359 certe
885 2333 947 2360 cell.
