1716 2662
478 64 587 103 PRO
622 65 664 102 L.
699 64 917 104 FLACCO
948 64 1167 104 ORATIO
1428 76 1483 113 40
1506 80 1566 103 100

153 173 314 211 Graecis
355 180 487 212 autem
531 172 649 224 Lydis
694 180 732 212 et
776 173 993 224 Phrygibus
1033 181 1070 212 et
1117 173 1241 223 Mysis
1291 173 1483 214 obsistent

153 237 432 285 Massilienses,
475 239 633 286 Rhodii,
673 239 988 286 Lacedaemonii,
1026 239 1300 287 Athenienses,
1342 248 1485 279 cuncta

150 302 312 351 Achaia,
349 303 565 352 Thessalia,
602 303 791 352 Boeotia,-
835 304 1025 355 Septimio
1064 312 1101 343 et
1142 304 1278 344 Caelio
1318 304 1482 344 testibus

151 370 193 406 P.
230 368 412 408 Servilius
452 377 489 408 et
525 371 573 418 Q.
609 371 794 408 Metellus
829 369 944 408 huius
980 369 1139 420 pudoris
1173 369 1482 422 integritatisque

112 446 128 477 5
149 441 267 472 testes
306 434 604 485 repugnabunt;
652 434 848 474 Asiaticae
882 434 973 473 iuris
1008 434 1170 474 dictioni
1207 436 1355 474 urbana
1390 436 1481 475 iuris

148 499 270 538 dictio
305 499 584 550 respondebit;
624 499 742 537 annui
780 499 966 550 temporis
1001 499 1316 539 criminationem
1352 500 1480 540 omnis

147 572 254 603 aetas
284 567 324 603 L.
350 565 479 603 Flacci
507 572 546 603 et
575 573 763 615 perpetua
783 565 861 603 vita
888 566 1086 604 defendet.
1147 567 1207 612 Et,
1233 565 1263 604 si
1293 568 1480 616 prodesse
1506 582 1559 604 101

149 631 190 668 L.
219 631 370 676 Flacco,
396 628 554 677 iudices,
579 629 707 676 debet,
732 631 840 680 quod
869 643 910 668 se
937 630 1136 668 tribunum
1168 630 1347 677 militum,
1371 632 1480 681 quod

147 703 408 745 quaestorem,
441 695 549 745 quod
579 696 749 745 legatum
781 694 1081 745 imperatoribus
1113 695 1345 743 clarissimis,
1378 711 1480 735 exer-

90 774 127 796 10
147 759 290 798 citibus
339 758 605 806 ornatissimis,
648 759 856 810 provinciis
906 759 1141 810 gravissimis·
1188 762 1350 810 dignum
1401 761 1479 799 suis

147 823 359 864 maioribus
394 824 593 875 praestitit,
632 824 752 875 prosit
793 826 901 875 quod
937 825 1000 863 hic
1035 825 1146 864 vobis
1182 825 1405 865 videntibus
1440 827 1478 865 in

146 889 326 940 periculis
358 888 637 928 communibus
671 890 847 929 omnium
883 898 1058 929 nostrum
1090 904 1159 929 sua
1188 890 1359 941 pericula
1388 905 1478 930 cum

146 954 243 994 meis
291 954 507 1003 coniunxit,
556 955 704 1005 prosint
761 955 1126 995 honestissimorum
1176 956 1478 1006 municipiorum

147 1019 469 1070 coloniarumque
496 1021 752 1068 laudationes,
778 1021 900 1071 prosit
928 1020 1045 1059 etiam
1076 1029 1233 1060 senatus
1264 1021 1479 1072 populique

87 1098 125 1129 15
149 1084 321 1123 Romani
348 1086 544 1135 praeclara
571 1094 608 1124 et
630 1099 718 1124 vera
740 1085 923 1124 laudatio.
986 1087 1022 1125 O
1043 1099 1121 1124 nox
1147 1086 1212 1124 illa
1232 1100 1332 1136 quae
1353 1100 1478 1137 paene
1501 1105 1557 1126 ιο.)

145 1158 322 1189 aeternas
353 1150 444 1189 huic
472 1150 556 1189 urbi
587 1151 766 1190 tenebras
797 1150 969 1198 attulisti,
994 1165 1083 1189 cum
1110 1151 1210 1190 Galli
1238 1153 1288 1190 ad
1317 1152 1474 1200 bellum,

145 1215 316 1256 Catilina
344 1217 394 1255 ad
426 1216 574 1263 urbem,
600 1216 791 1255 coniurati
818 1217 870 1255 ad
901 1217 1041 1255 ferrum
1073 1224 1111 1255 et
1140 1217 1338 1255 flammam
1367 1231 1476 1256 voca-

145 1282 296 1329 bantur,
320 1296 410 1321 cum
443 1296 516 1333 ego
547 1289 594 1328 te,
627 1283 776 1329 Flacce,
800 1283 952 1321 caelum
984 1289 1222 1332 noctemque
1251 1290 1476 1322 contestans

144 1347 240 1385 flens
271 1349 429 1387 flentem
457 1347 691 1395 obtestabar‚
716 1360 806 1385 cum
835 1354 924 1385 tuae
948 1347 1039 1385 fidei
1067 1346 1238 1396 optimae
1263 1355 1301 1386 et
1331 1356 1477 1398 specta-

83 1412 316 1451 notissimae
344 1415 508 1452 salutern
535 1412 641 1451 urbis
669 1420 706 1451 et
727 1411 870 1450 civium
898 1412 1254 1450 commendabam!
1296 1414 1357 1450 Tu
1379 1421 1474 1460 tum,

144 1479 294 1525 Flacce,
319 1486 472 1529 praetor
494 1477 716 1517 communis
746 1476 836 1515 exiti
865 1476 1023 1515 nuntios
1045 1476 1192 1526 cepisti,
1216 1484 1256 1515 tu
1285 1476 1474 1516 inclusam

140 1541 180 1581 in
203 1543 337 1582 litteris
359 1544 411 1583 rei
434 1543 615 1594 publicae
646 1551 797 1594 pestem
820 1541 1124 1592 deprehendisti,
1149 1549 1190 1579 tu
1212 1541 1472 1591 periculorum

141 1607 295 1655 indicia,
329 1615 370 1646 tu
406 1609 539 1647 salutis
575 1608 717 1648 auxilia
751 1609 802 1647 ad
837 1621 900 1645 me
931 1615 968 1645 et
999 1607 1050 1645 ad
1086 1614 1263 1645 senatum
1298 1607 1471 1646 attulisti.

142 1674 256 1722 Quae
286 1673 356 1713 tibi
387 1682 469 1713 tum
500 1676 645 1725 gratiae
675 1683 765 1714 sunt
801 1688 824 1713 a
854 1687 917 1712 me
946 1680 1067 1719 actae,
1099 1685 1200 1722 quae
1237 1672 1288 1710 ab
1323 1681 1471 1720 senatu,

80 1752 121 1784 25
141 1752 242 1789 quae
281 1753 303 1778 a
342 1739 456 1779 bonis
496 1741 706 1780 omnibus!
766 1740 866 1791 Quis
909 1738 991 1786 tibi,
1034 1737 1121 1788 quis
1161 1739 1206 1778 C.
1248 1738 1471 1790 Pomptino,

139 1804 350 1844 fortissimo
381 1805 474 1851 viro,
509 1820 750 1856 quemquam
787 1807 938 1845 bonurn
978 1811 1130 1854 putaret
1164 1816 1352 1854 umquam
1392 1817 1473 1844 non

137 1870 302 1908 salutem
337 1883 471 1909 verum
508 1871 699 1910 honorem
735 1872 858 1910 ullum
896 1870 1213 1919 denegaturum?
1239 1869 1296 1920 ⁴O
1332 1869 1473 1907 Nonae

137 1932 224 1973 illae
254 1934 494 1974 Decembres
522 1950 623 1986 quae
651 1949 714 1975 me
742 1937 905 1975 consule
936 1934 1087 1973 fuistis!
1125 1946 1242 1983 quem
1270 1946 1342 1983 ego
1366 1933 1471 1972 diem

136 2012 224 2038 vere
263 2001 432 2039 natalem
472 2000 587 2040 huius
625 2000 731 2040 urbis
774 2008 840 2039 aut
882 2008 985 2039 certe
1028 2000 1236 2037 salutarem
1276 1999 1472 2048 appellare

180 2113 200 2142 3
224 2104 261 2135 C.
281 2103 395 2134 Caelio
414 2107 436 2135 Σ
462 2105 550 2144 sort.
571 2104 606 2136 P.
629 2104 794 2144 Septimio
810 2110 842 2135 et
862 2104 904 2135 M.
925 2104 1050 2139 Caelio,
1072 2105 1110 2144 ιγ’.
1133 2107 1147 2142 §
1171 2103 1223 2139 Π)
1384 2113 1402 2140 4
1427 2102 1468 2141 Q.

137 2146 328 2187 Naugerius
345 2149 393 2187 (2)
409 2159 415 2179 :
441 2147 482 2179 A.
497 2148 540 2178 ΣΙ)
557 2159 563 2178 :
587 2148 632 2178 M.
650 2149 702 2186 χς
804 2159 840 2178 12
863 2153 1014 2179 nostrum
1034 2152 1057 2177 Σ
1073 2159 1079 2177 ;
1105 2153 1252 2178 vestrum
1271 2148 1334 2177 cell.
1432 2157 1468 2185 17

139 2190 187 2229 et]
208 2192 297 2221 etad
317 2194 338 2220 Σ
454 2201 491 2230 19
515 2196 548 2222 ct
566 2191 847 2232 spectatissimae]
868 2191 1166 2231 expectatissimae
1187 2190 1248 2230 Σχ]
1368 2200 1409 2220 20
1434 2195 1467 2219 tu

138 2238 203 2264 tum
223 2235 288 2264 Ek:
314 2239 348 2264 tu
366 2239 476 2265 tamen
493 2234 559 2265 b'c:
588 2241 653 2265 tum
675 2241 708 2266 tu
726 2235 780 2265 B:
807 2241 841 2265 tu
861 2241 895 2265 tu
914 2247 935 2274 χ
952 2235 997 2266 cd.
1019 2235 1051 2264 R
1167 2246 1204 2272 24
1234 2234 1274 2265 ab
1292 2237 1359 2272 Σχ;
1385 2244 1404 2264 a
1420 2233 1469 2264 [ι’-ἶ

139 2286 178 2313 25
203 2277 238 2308 C.
262 2277 438 2316 Pomptino
456 2277 663 2310 Lambinus:
690 2279 727 2310 C.
750 2278 905 2309 Pontimo
924 2279 1012 2320 (-nio
1030 2279 1070 2318 χ)
1089 2282 1137 2318 Σχ
1157 2290 1163 2309 :
1199 2277 1396 2317 Promptino
1415 2277 1466 2308 5:

92 2334 94 2337 ·
137 2321 199 2351 Cn.
219 2320 379 2360 Pompeio
396 2321 414 2351 b
