1716 2662
342 91 345 93 ·
393 85 466 122 DE
497 84 643 121 LEGE
673 85 929 121 AGRARm
960 84 1177 121 ORATIO
1210 83 1251 120 Π
1434 91 1485 128 33
1504 87 1547 128 89

159 192 406 233 interiectum
454 194 554 233 inter
597 193 788 232 maiorum
832 200 1053 232 nostrorum
1097 191 1261 231 consilia
1303 199 1341 230 et
1388 190 1488 230 inter

159 259 322 299 istorum
349 259 556 299 hominum
586 258 842 299 dementiam.
901 258 961 297 Illi
991 259 1171 309 Capuam
1196 257 1486 308 receptaculum

158 333 367 373 aratorum,
412 325 610 365 nundinas
658 324 904 371 rusticorum,
950 325 1089 363 cellam
1137 329 1256 373 atque
1304 323 1486 361 horreum

160 390 353 442 Campani
384 391 465 442 agri
491 404 576 429 esse
597 392 815 437 voluerunt,
838 389 877 427 hi
908 388 1077 439 expulsis
1107 388 1334 435 aratoribus,
1358 386 1488 426 effusis

121 474 144 506 5
158 469 203 495 ac
225 455 423 507 dissipatis
444 455 635 495 fructibus
656 455 791 494 vestris
813 456 980 494 eandem
1004 456 1183 504 Capuam
1205 455 1340 492 sedem
1362 466 1488 491 novae

159 522 211 561 rei
238 521 420 573 publicae
448 521 705 568 constituunt,
729 522 874 560 molem
905 528 1041 559 contra
1061 527 1231 559 veterem
1259 533 1338 557 rem
1365 517 1487 569 publi-

158 601 245 626 cam
284 595 526 638 comparant.
587 587 709 636 Quod
749 586 779 625 si
823 585 988 624 maiores
1034 584 1156 624 nostri
1202 583 1488 623 existimassent

157 666 399 704 quemquam
420 652 460 691 in
481 660 561 691 tam
586 651 737 690 inlustri
765 650 930 702 imperio
957 658 995 690 et
1023 658 1102 689 tam
1130 651 1326 701 praeclara
1352 647 1487 699 populi

159 718 331 757 Romani
358 717 567 768 disciplina
591 719 651 755 M.
677 717 785 756 Bruti
816 724 883 755 aut
912 720 952 755 P.
978 716 1084 754 Rulli
1115 715 1282 754 similem
1314 716 1486 753 futurum

100 799 138 822 ιο
157 785 283 823 ——hos
300 783 405 823 enim
422 798 494 823 nos
511 785 612 823 duos
629 784 761 823 adhuc
781 782 951 822 vidimus
972 781 1040 832 qui
1062 783 1164 820 hanc
1186 794 1266 819 rem
1287 780 1486 831 publicam

158 851 336 900 Capuam
352 856 474 888 totam
490 850 694 887 transferre
711 849 1088 898 vellent—profecto
1102 860 1247 885 nomen
1266 845 1367 884 illius
1381 845 1487 883 urbis

157 928 237 954 non
259 914 517 965 reliquissent.
576 916 726 952 Verum
753 913 1040 952 arbitrabantur
1061 910 1242 952 Corinthi
1268 918 1307 949 et
1328 911 1487 950 Cartha·
1507 919 1548 951 90

156 980 246 1031 gini,
271 980 387 1020 etiam
416 980 447 1019 si
475 987 655 1019 senatum
677 987 715 1018 et
737 979 982 1030 magistratus
1005 977 1251 1016 sustulissent
1271 989 1487 1027 agrumque

156 1045 308 1085 civibus
335 1045 592 1093 ademissent,
612 1052 745 1083 tamen
775 1058 855 1083 non
884 1045 1018 1083 defore
1048 1042 1115 1094 qui
1145 1042 1210 1081 illa
1240 1041 1487 1080 restituerent

100 1129 136 1162 15
157 1118 275 1160 atque
296 1110 363 1161 qui
383 1118 474 1149 ante
495 1110 628 1148 omnia
648 1117 938 1149 commutarent
959 1122 1077 1159 quam
1099 1120 1172 1145 nos
1195 1106 1331 1146 audire
1358 1120 1487 1157 posse-

158 1190 270 1224 mus;
309 1175 372 1214 hic
405 1189 494 1214 vero
529 1175 569 1213 in
601 1175 724 1214 oculis
757 1182 915 1214 senatus
945 1173 1160 1224 populique
1191 1171 1361 1211 Romani
1390 1171 1486 1209 nihil

157 1255 272 1293 posse
289 1241 472 1280 exsistere
489 1242 598 1291 quod
615 1254 695 1279 non
712 1248 802 1279 ante
819 1239 1011 1290 exstingui
1031 1247 1150 1289 atque
1167 1236 1333 1288 opprimi
1355 1244 1488 1287 posset

157 1321 275 1357 quam
306 1308 422 1358 plane
452 1314 629 1346 exortum
659 1312 751 1345 esset
775 1320 821 1345 ac
851 1314 998 1344 natum.
1060 1306 1202 1354 Neque
1232 1316 1323 1342 vero
1352 1317 1398 1341 ea
1427 1316 1487 1341 res

157 1373 291 1411 fefellit
321 1372 502 1412 homines
532 1371 666 1411 divina
696 1379 828 1410 mente
857 1380 895 1410 et
921 1370 1085 1410 consilio
1114 1369 1321 1420 praeditos.
1382 1369 1484 1407 Nam

99 1456 137 1477 20
157 1446 245 1490 post
280 1439 329 1487 Q.
365 1437 545 1476 Fulvium
579 1439 627 1486 Q.
661 1437 827 1475 Fabium
858 1437 1051 1483 consules,
1084 1435 1227 1485 quibus
1257 1433 1486 1473 consulibus

157 1507 296 1556 Capua
322 1503 478 1544 devicta
503 1511 622 1554 atque
650 1510 764 1554 capta
791 1511 859 1550 est,
885 1502 980 1540 nihil
1003 1509 1059 1540 est
1084 1500 1123 1539 in
1150 1500 1214 1539 illa
1234 1500 1330 1538 urbe
1350 1506 1487 1538 contra

158 1571 259 1609 hanc
287 1584 367 1609 rem
397 1569 597 1620 publicam
626 1583 706 1608 non
735 1568 826 1608 dico
854 1570 1011 1614 factum,
1036 1567 1104 1606 sed
1127 1566 1222 1604 nihil
1244 1565 1407 1605 omnino
1428 1572 1486 1604 est

157 1635 382 1686 cogitatum.
436 1637 563 1673 Multa
585 1642 721 1685 postea
742 1635 844 1673 bella
863 1641 971 1685 gesta
991 1647 1080 1671 cum
1100 1631 1267 1681 regibus,
1289 1630 1486 1681 Philippo,

158 1699 369 1746 Antiocho,
397 1702 523 1747 Persa,
552 1699 902 1750 Pseudophilippo,
928 1696 1163 1743 Aristonico,
1192 1695 1421 1734 Mithridate
1448 1702 1486 1733 et

100 1781 136 1812 25
159 1765 322 1813 ceteris;
362 1767 483 1804 multa
518 1773 716 1816 praeterea
747 1765 849 1803 bella
877 1763 1017 1814 gravia,
1051 1760 1374 1811 Carthaginiense
1405 1762 1483 1808 ΙΙΙ,

159 1830 420 1878 Corinthium,
455 1830 770 1877 Numantinum3
810 1831 955 1868 multae
982 1828 1020 1867 in
1049 1828 1122 1866 hac
1150 1841 1188 1866 re
1210 1825 1368 1877 publica
1388 1825 1470 1865 sedi

158 1895 282 1934 tiones
322 1895 563 1935 domesticae
602 1909 698 1946 quas
739 1893 1032 1946 praetermitt03
1078 1893 1181 1932 bella
1227 1905 1315 1930 cum
1356 1891 1483 1937 sociis,

201 2011 218 2038 4
246 2000 276 2030 hi
304 1999 416 2039 ΕᾸῙᾸἾ
452 2000 504 2030 his
529 2003 593 2031 cell.
731 2010 745 2037 7
771 2000 874 2030 nostri
902 2009 966 2028 om.
989 1997 1023 2027 N
1109 1997 1360 2027 existimassent
1386 1995 1485 2030 Em'l':

158 2043 443 2074 existimavissent
462 2047 524 2074 cell.
669 2054 689 2083 9
716 2043 758 2073 M.
779 2042 883 2082 suppl.
905 2040 1127 2072 Lana-dmm>-
1274 2050 1310 2070 10
1336 2040 1486 2071 videmus

157 2086 267 2118 codd.:
301 2098 376 2118 curs.
401 2087 622 2118 Lcmrcdcmns
711 2087 795 2116 hanc
813 2098 878 2116 om.
901 2085 931 2114 li
1061 2095 1096 2123 13
1123 2083 1352 2122 magistratum
1372 2082 1458 2113 codd.
1475 2105 1484 2117 .

157 2141 235 2161 cnr».
257 2130 415 2161 Graevius*
551 2141 586 2170 ¹5
611 2130 665 2170 qui
683 2130 741 2161 dcl.
763 2130 950 2160 Lambinus
1038 2128 1150 2158 omnia
1168 2132 1246 2157 ante
1264 2125 1295 2155 li
1393 2137 1483 2156 com-

158 2174 361 2204 inunitarcnt
380 2174 425 2204 lic
563 2176 597 2205 18
621 2179 710 2204 esset
727 2173 875 2214 supplevi
976 2171 1104 2209 natum]
1126 2175 1237 2200 natum
1257 2172 1346 2199 osset
1363 2169 1392 2200 ‘J‘
1410 2170 1482 2207 (τ’-Ὗ,

156 2217 321 2257 Angelius
455 2229 490 2248 21
520 2218 590 2259 illa]
611 2230 649 2248 ea
666 2218 701 2248 N
842 2228 882 2247 212
909 2215 988 2246 nihil
1007 2215 1064 2245 dcl.
1086 2213 1270 2253 Naugerius
1292 2225 1339 2248 χε»
1431 2219 1482 2243 est

156 2261 253 2299 cogit.
278 2260 345 2291 Ee:
381 2261 527 2300 excogit.
551 2265 614 2292 cett.
751 2271 791 2300 25
817 2258 1122 2298 cartaginiensiuni
1157 2257 1254 2297 41<aiu
1282 2256 1341 2295 lic)
1369 2255 1479 2287 codd.:

156 2314 232 2334 corr.
254 2303 494 2336 Laureclmms:
520 2304 803 2344 Carthaginiense
822 2303 1008 2335 Lambinus
1156 2302 1199 2331 26
1223 2301 1285 2331 hoc
1306 2300 1382 2341 ghac
1398 2310 1426 2340 c)
1445 2310 1477 2341 p.

157 2347 199 2378 R.
218 2346 263 2377 Ee
