1716 2662
381 87 454 124 DE
488 86 632 124 LEGE
664 85 917 124 AGRARIA
950 86 1167 124 ORATIO
1201 88 1241 125 II
1417 88 1470 123 26

145 206 295 236 emetur
319 198 368 235 ab
393 199 448 236 cis
475 198 541 248 qui
569 211 637 236 eos
662 197 793 236 vident
826 198 896 235 sibi
923 212 1019 245 csse,
1052 198 1079 235 si
1109 212 1186 235 non
1209 198 1467 243 vendiderint,

144 263 434 313 relinquendos.
496 264 545 301 Et
580 263 762 301 nimirum
800 263 838 301 icl
872 273 928 301 cst
965 264 1072 314 quod
1107 264 1158 301 al)
1197 264 1272 301 lioc
1313 263 1472 302 tribuno

144 328 269 378 plebis
289 328 439 366 dictum
465 336 522 367 est
543 328 582 366 in
610 336 759 375 senatu,
783 329 972 366 urbanam
999 328 1156 378 plebem
1178 328 1343 366 nimium
1373 330 1410 366 in
1432 342 1484 376 re

143 393 299 443 publica
339 407 478 444 possc3
522 393 826 432 exhauriendam
866 407 976 441 esse,
1021 395 1096 432 hoc
1127 393 1232 432 enim
1266 395 1375 431 verbo
1413 403 1471 432 est

106 472 122 503 5
142 471 245 505 usu8‚
269 458 378 509 quasi
411 460 461 497 de
481 458 612 509 aliqua
632 460 785 498 sentina
805 471 851 497 ac
873 472 952 498 non
981 459 1031 497 de
1058 458 1297 509 optimorum
1327 459 1469 497 civium

141 536 283 573 genere
310 525 544 574 loqueretur.
604 526 686 561 Vos
708 537 809 570 vcro,
834 523 1017 572 Quirites,
1042 524 1070 561 si
1103 537 1163 562 me
1188 524 1322 562 audire
1344 524 1467 569 voltis,
1495 567 1509 572 -

1495 100 1534 134 ΤΟ

141 587 305 627 retinete
335 588 447 627 istam
470 587 759 638 possessionem
786 588 941 639 gratiae,
965 588 1164 635 libertatis,
1188 588 1468 638 suffragiorum,
1496 587 1503 597 ¹

140 652 351 703 dignitatis,
374 652 489 700 urbis,
519 653 601 701 fori,
625 654 819 701 ludorum,
843 655 1028 691 festorum
1057 654 1219 700 dierum,
1252 662 1469 692 ceterorum

141 718 320 756 omnium
346 719 660 765 commodorum,
683 717 757 756 nisi
779 719 877 757 forte
905 718 1084 757 mavoltis
1107 718 1248 757 relictis
1274 718 1332 756 his
1355 719 1469 757 rebus

83 797 122 821 10
141 792 259 834 atque
286 784 359 822 hac
393 785 480 822 luce
515 783 566 822 rei
599 783 781 834 publicae
813 782 852 821 in
886 783 1093 834 Sipontina
1123 783 1296 822 siccitate
1330 792 1396 821 aut
1433 785 1468 821 in

83 1125 119 1158 15

78 1449 118 1472 20

142 849 390 898 Salpinorum
410 849 538 899 plenis
558 848 805 900 pestilentiae
826 848 970 888 finibus
994 850 1114 887 Rullo
1135 850 1237 887 duce
1259 849 1467 887 conlocari.

139 916 220 952 Aut
251 913 357 952 dicat
387 927 486 965 quos
520 927 632 964 agros
664 922 866 964 empturus
897 915 970 961 sit3
1008 915 1191 953 ostendat
1225 922 1263 952 et
1301 914 1397 964 quid
1432 922 1469 951 et

139 978 284 1029 quibus
322 980 483 1018 daturus
521 979 579 1017 sit.
653 981 705 1018 Vt
743 992 846 1026 vero,
887 992 977 1017 cum
1017 979 1146 1017 omnis
1186 978 1304 1026 urbis,
1342 992 1466 1029 agro&

139 1043 352 1094 vectigalia,
398 1057 515 1095 regna
558 1043 789 1091 vendiderit,
836 1052 918 1082 tum
961 1045 1147 1082 harenam
1191 1044 1361 1094 aliquam
1402 1052 1468 1082 aut

139 1109 302 1159 paludes
356 1118 475 1157 emat,
533 1108 573 1148 id
635 1122 704 1147 vos
762 1109 937 1160 potestis,
998 1122 1158 1159 quaeso,
1219 1110 1469 1148 concedere?

138 1174 392 1226 Quamquam
445 1174 541 1213 illud
595 1183 652 1213 est
704 1174 901 1226 egregium
955 1176 1064 1225 quod
1116 1176 1190 1213 hac
1242 1176 1326 1225 lege
1377 1183 1468 1213 ante

137 1240 271 1278 onmia
305 1247 487 1287 veneunt,
523 1248 614 1279 ante
652 1238 843 1290 pecuniae
881 1247 1074 1289 coguntur
1113 1247 1151 1278 et
1190 1248 1469 1278 coacervantur

137 1318 254 1356 quam
287 1306 401 1356 gleba
440 1319 517 1344 una
551 1312 714 1344 ematur.
786 1305 942 1343 Deinde
982 1304 1059 1343 emi
1100 1304 1218 1352 iubet,
1260 1306 1310 1343 ab
1346 1305 1470 1344 invito

137 1379 251 1410 vetat.
322 1373 490 1421 Quaero,
532 1370 562 1409 si
597 1371 663 1421 qui
699 1370 818 1410 velint
855 1371 1024 1409 vendere
1063 1384 1144 1409 non
1178 1370 1330 1418 suerint,
1372 1371 1467 1421 quid

138 1436 328 1487 pecuniae
379 1437 474 1475 fiet?
536 1437 696 1475 Referre
750 1435 787 1473 in
839 1436 1030 1473 aerarium
1089 1437 1148 1474 lex
1198 1444 1312 1482 vetat,
1368 1436 1465 1486 exigi

136 1502 328 1552 prohibet.
401 1501 522 1551 Igitur
555 1501 763 1552 pecuniam
794 1514 953 1539 omnem
985 1500 1083 1538 xviri
1120 1501 1323 1549 tenebunt,
1356 1501 1467 1539 vobis

135 1580 226 1617 ager
256 1580 337 1605 non
368 1574 543 1614 emetur;
587 1565 842 1616 vectigalibus
874 1565 1114 1612 abalienatis,
1153 1566 1268 1605 sociis
1307 1566 1464 1614 vexatis,

136 1632 290 1682 regibus
329 1640 447 1682 atque
486 1631 671 1670 omnibus
710 1630 892 1681 gentibus
937 1630 1142 1670 exinanitis
1183 1632 1234 1669 illi
1280 1631 1466 1682 pecunias

136 1697 354 1745 habebunt,
373 1711 442 1736 vos
462 1711 573 1747 agros
597 1711 674 1735 non
697 1696 903 1736 habebitis.
962 1701 970 1716 ‘
987 1698 1141 1744 Facile,'
1162 1697 1299 1747 inquit,
1324 1699 1468 1736 ‘addu-

136 1771 272 1802 centur
310 1762 500 1814 pecuniae
545 1762 815 1813 magnitudine
866 1770 908 1801 ut
946 1763 1065 1801 velint
1106 1763 1299 1801 venderes
1363 1764 1466 1812 Ergo

135 1841 179 1866 ea
213 1830 274 1867 lex
305 1835 363 1867 est
397 1841 475 1879 qua
509 1836 641 1866 nostra
671 1829 888 1866 vendamus
925 1827 1060 1877 quanti
1096 1827 1303 1877 possimus,
1339 1827 1465 1867 aliena

133 1907 309 1932 emamus
330 1892 465 1944 quanti
488 1906 730 1943 possessores
751 1892 881 1931 velint.

180 2005 192 2024 1
221 1994 262 2025 ab
280 1995 332 2025 his
351 2005 415 2034 εχιτ
505 1994 560 2033 qui
578 1995 694 2025 vident
714 2005 774 2025 eos
791 1994 852 2024 sibi
871 2003 930 2024 eos
949 1993 980 2023 E
1070 1993 1293 2024 vendiderunt
1311 1993 1348 2023 N
1446 2003 1465 2023 2

135 2038 166 2068 id
188 2037 290 2078 Lagg.
316 2048 341 2077 1,
362 2048 378 2077 7
396 2052 402 2069 :
431 2037 517 2068 idem
533 2041 598 2069 cett.
617 2049 625 2068 :
649 2037 730 2068 illud
750 2037 874 2067 Mz'iller
959 2048 978 2075 4
1005 2037 1108 2066 verbo
1127 2036 1231 2076 suppl.
1251 2036 1297 2067 ed.
1316 2035 1462 2076 Hcrvag.

134 2081 186 2120 (ff.
207 2085 222 2118 ξ
243 2084 277 2120 75
427 2091 443 2120 7
470 2082 617 2112 retinere
634 2080 666 2111 E
820 2081 840 2110 8
866 2081 994 2110 dicrum
1012 2091 1078 2110 om.
1099 2079 1134 2109 N
1290 2090 1326 2110 ῐο
1351 2080 1397 2109 rci
1417 2080 1463 2120 p.]

135 2135 165 2162 ρ.
186 2123 228 2155 R.
249 2123 286 2154 N
408 2124 592 2164 Sepontina
610 2124 678 2155 Een
838 2134 872 2153 Π
902 2123 1137 2163 Salapinorum
1158 2123 1322 2161 Angclins
1344 2122 1413 2153 'scd
1425 2124 1462 2161 cf.

138 2167 261 2199 Vitruv.
285 2168 305 2199 i.
326 2168 378 2206 12)
522 2168 632 2207 plenis
648 2167 796 2208 supplevi
810 2167 1021 2207 «pestilentia
1037 2177 1056 2197 a
1075 2166 1264 2197 finitoribus
1282 2166 1465 2203 Schwartz)

140 2221 174 2240 12
200 2216 255 2242 aut
286 2211 476 2242 Turnebus:
502 2216 536 2242 at
562 2212 610 2251 (at
634 2212 661 2242 si
686 2213 714 2250 r)
741 2210 830 2243 codd.
1008 2220 1050 2240 20
1075 2210 1216 2249 pecunia
1241 2209 1308 2240 cml.
1338 2208 1469 2240 Graevii

82 2284 85 2287 ,
135 2255 192 2284 siet
208 2253 394 2294 Angelius:
420 2254 477 2285 siet
496 2260 528 2285 et
547 2253 656 2286 codd.:
683 2255 761 2285 fiet?
788 2254 922 2285 Etenim
942 2252 1167 2284 Lauredanus
1342 2263 1382 2291 24
1407 2253 1464 2283 ad·

133 2298 370 2372 ἀιιοεῐίῢιιξαρι
409 2298 621 2329 adducuntur
652 2302 715 2329 call.
918 2294 958 2327 '26
991 2297 1159 2337 possimus
1192 2296 1309 2336 Equi:
1348 2306 1463 2336 possu-

135 2350 207 2371 mus
261 2353 281 2379 μ
799 2358 803 2361 ,

1493 1384 1527 1414 2‘2
