1716 2662
116 792 152 813 10

116 1117 152 1148 ¹5

499 80 559 118 IN
591 80 634 117 L.
668 79 916 117 PISONEM
948 79 1166 118 ORATIO
1444 90 1500 127 29
1519 95 1561 129 70

173 200 315 242 stupra,
353 192 486 230 omnia
520 205 705 230 cenarum
739 191 1090 241 conviviorumque
1122 204 1276 241 genera,
1311 191 1500 229 adulteria

172 257 344 306 denique
371 258 454 294 eius
484 256 772 294 delicatissimis
798 256 974 295 versibus
1003 256 1244 305 expresserit,
1273 255 1312 294 in
1343 255 1498 306 quibus,
1524 265 1559 297 71

173 321 202 359 si
224 321 290 371 qui
312 321 414 368 velit,
437 321 560 371 possit
588 321 696 359 istius
724 329 925 371 tamquam
947 321 987 358 in
1014 322 1175 371 speculo
1195 320 1314 359 vitam
1336 320 1501 369 intueri3

173 401 219 425 ex
248 387 391 437 quibus
422 388 545 425 multa
574 400 597 424 a
626 387 758 425 multis
789 394 827 425 et
860 388 961 425 lecta
988 394 1026 424 et
1054 386 1189 425 audita
1215 386 1431 435 recitarem,
1460 385 1501 424 ni

173 465 323 490 vererer
352 464 402 489 ne
434 452 511 489 hoc
542 450 671 501 ipsum
705 465 828 501 genus
861 450 1047 490 orationis
1082 465 1162 501 quo
1193 465 1299 490 nune
1330 459 1418 489 utor
1450 452 1501 490 ab

172 516 287 554 huius
318 516 394 554 loci
423 529 531 554 more
560 517 812 564 abhorreret3
846 524 884 555 et
916 518 1031 555 simul
1058 518 1108 555 de
1136 516 1222 567 ipso
1253 516 1320 567 qui
1350 516 1501 567 scripsit

172 581 323 619 detrahi
352 581 448 619 nihil
469 583 570 620 volo.
631 583 711 630 Qui
736 581 765 619 si
792 581 926 620 fuisset
954 581 993 619 in
1014 581 1209 632 discipulo
1233 583 1502 632 comparando

173 646 333 684 meliore
361 647 527 694 fortuna,
550 648 712 685 fortasse
739 646 927 685 austerior
947 654 985 685 et
1005 646 1155 696 gravior
1176 660 1260 685 esse
1287 646 1504 696 potuisset3

172 712 241 750 sed
276 726 366 750 eum
398 726 511 750 casus
545 712 585 750 in
621 714 723 751 hanc
755 712 1085 751 consuetudinem
1118 712 1315 751 scribendi
1350 711 1503 750 induxit

171 776 410 826 philosopho
427 778 540 815 valde
561 777 776 827 indignam,
794 777 825 815 si
846 777 1007 827 quidem
1029 777 1290 827 philosophia,
1309 785 1351 815 ut
1371 778 1501 825 fertur,

172 841 322 879 virtutis
342 842 520 880 continet
540 850 578 880 et
598 843 702 880 offici
724 851 762 880 et
782 843 884 880 bene
901 842 1058 880 vivendi
1079 842 1327 891 disciplinam
1345 857 1354 889 3
1384 856 1501 892 quam

171 906 239 956 qui
259 907 463 957 profitetur
489 907 757 957 gravissimam
778 907 970 945 sustinere
991 907 1086 945 mihi
1108 920 1315 957 personam
1338 907 1501 945 videtur.

172 972 252 1009 Sed
287 972 390 1010 idem
423 985 535 1010 casus
570 973 679 1010 illum
712 972 889 1022 ignarum
925 972 1020 1022 quid
1052 973 1312 1022 profiteretur,
1341 986 1431 1010 cum
1463 986 1504 1010 se
1525 984 1563 1017 72

173 1036 452 1087 philosophum
470 1051 555 1076 esse
570 1037 728 1085 diceret,
745 1037 855 1076 istius
876 1037 1162 1088 impurissimae
1177 1045 1295 1088 atque
1316 1037 1504 1088 intempe-

173 1102 416 1140 rantissimae
436 1102 600 1153 pecudis
620 1116 744 1141 caeno
765 1111 803 1142 et
824 1103 1006 1142 sordibus
1026 1103 1256 1154 inquinavit.

227 1167 307 1216 Qui
334 1169 456 1205 modo
483 1182 573 1206 cum
603 1182 663 1206 res
691 1176 819 1219 gestas
849 1170 1077 1207 consulatus
1107 1169 1183 1207 mei
1214 1170 1506 1218 conlaudasset,

172 1245 274 1282 quae
301 1232 462 1282 quidem
488 1233 741 1272 conlaudatio
766 1234 938 1272 hominis
966 1234 1179 1284 turpissimi
1207 1234 1304 1272 mihi
1331 1234 1403 1284 ipsi
1425 1242 1505 1273 erat

172 1310 298 1348 paene
336 1297 469 1348 turpis,
507 1301 612 1336 ‘non
649 1298 712 1336 illa
747 1299 843 1347 tihi‚⁷
882 1299 1020 1349 inquit,
1055 1299 1224 1337 ‘invidia
1262 1299 1397 1337 nocuit
1435 1301 1505 1337 sed

172 1375 304 1400 versus
330 1362 410 1400 tui.'
468 1362 597 1401 Nimis
626 1377 767 1414 magna
796 1377 925 1414 poena
953 1371 990 1402 te
1018 1365 1180 1402 consule
1209 1364 1422 1402 constituta
1447 1371 1505 1402 est

115 1445 154 1468 20
174 1427 254 1466 sive
283 1429 388 1466 malo
422 1436 563 1477 poetae
599 1428 679 1467 sive
713 1429 845 1467 libero.
909 1429 1126 1479 ‘Scripsisti
1154 1428 1284 1468 enim:
1328 1430 1505 1467 “cedant

115 1771 153 1802 25

172 1506 280 1531 arma
319 1494 490 1543 togae.’''
562 1493 671 1542 Quid
706 1495 821 1532 tum?
871 1496 1009 1532 ‘Haec
1048 1508 1107 1532 res
1141 1494 1212 1532 tibi
1247 1496 1387 1533 fluctus
1419 1494 1505 1533 illos

173 1558 378 1596 excitavit?
445 1561 498 1596 At
519 1560 595 1596 hoc
616 1572 810 1608 nusquam
839 1558 980 1609 opinor
1007 1559 1193 1609 scriptum
1223 1559 1341 1598 fuisse
1368 1559 1407 1598 in
1439 1560 1505 1598 illo

174 1623 301 1673 elogio
323 1624 432 1673 quod
452 1630 490 1661 te
512 1625 673 1661 consule
695 1623 734 1661 in
756 1625 937 1674 sepulcro
957 1623 1010 1662 rei
1032 1624 1214 1673 publicae
1235 1624 1401 1662 incisum
1422 1633 1504 1664 est:

175 1690 370 1726 ‘VizLxsz
401 1700 588 1726 IvaizATls
616 1700 678 1735 VT,
701 1700 814 1733 QVOD
846 1690 901 1726 M.
926 1688 1090 1728 Cicssao
1112 1701 1277 1727 VERSVM
1307 1691 1505 1735 FECER1T‚'

175 1754 244 1791 sed
277 1755 411 1797 ‘QVOD
443 1755 715 1791 VINDICARIT.'
774 1755 920 1792 Verum
959 1761 1102 1801 tamen,
1135 1754 1323 1803 quoniam
1354 1762 1392 1792 te
1425 1768 1505 1793 non
1524 1742 1581 1810 {3⁰

175 1818 454 1865 Aristarchum,
478 1819 546 1856 sed
576 1818 756 1856 Phalarin
784 1819 1082 1868 grammaticum
1105 1820 1309 1866 habemus,
1331 1819 1397 1869 qui
1425 1833 1504 1857 non
1530 1801 1566 1834 ¹3

174 1890 307 1920 notam
329 1896 504 1933 apponas
531 1884 582 1921 ad
605 1885 750 1921 malum
772 1897 938 1931 versum,
961 1886 1030 1922 sed
1060 1892 1217 1934 poetam
1238 1884 1354 1922 armis
1381 1897 1506 1934 perse-

173 1961 302 1997 quare,
323 1948 419 1986 scire
445 1948 562 1998 cupio
590 1948 685 1998 quid
716 1949 877 1986 tandem
908 1948 948 1986 in
979 1948 1054 1986 isto
1081 1962 1192 1987 versu
1218 1949 1507 1999 reprehendas:

221 2057 233 2077 1
261 2047 390 2078 conviv.
410 2058 536 2086 genera
556 2047 606 2079 V:
634 2057 760 2087 genera
778 2047 907 2080 cmviv.
925 2051 989 2078 cett.
1073 2058 1092 2077 2
1116 2047 1263 2086 denique
1284 2046 1330 2077 V:
1356 2057 1419 2078 om.
1440 2050 1504 2078 celt.

174 2101 194 2130 3
211 2091 237 2121 si
254 2092 328 2130 quis
346 2090 392 2122 ed.
423 2091 454 2120 V
565 2103 582 2129 4
609 2097 642 2122 et
659 2091 746 2122 lecta
766 2090 814 2122 V:
840 2090 925 2122 lecta
943 2095 1007 2122 cett.
1106 2091 1139 2121 ni
1159 2090 1210 2120 V:
1236 2091 1298 2121 nisi
1317 2095 1379 2121 cett.
1488 2100 1505 2129 7

174 2134 255 2164 nihil
272 2134 348 2164 volo
372 2134 421 2164 V:
448 2133 524 2165 nolo
546 2135 635 2175 (volo
652 2135 713 2175 Ee)
733 2138 795 2166 cett.
942 2145 979 2165 12
1004 2135 1187 2165 confitetur
1210 2134 1242 2163 V
1338 2135 1506 2164 sustinere

173 2177 251 2207 mihi
273 2177 321 2207 V:
347 2177 424 2207 mihi
445 2178 612 2208 sustinere
629 2181 693 2209 cett.
863 2179 901 2207 16
926 2189 998 2208 cum
1022 2177 1113 2209 VEe:
1139 2188 1204 2208 om.
1224 2181 1288 2208 cett.
1425 2188 1505 2208 con-

173 2220 361 2261 laudasset]
391 2231 465 2251 cum
492 2221 662 2252 laudasset
687 2221 736 2251 c²k
898 2231 934 2260 17
960 2222 1170 2252 conlaudatio
1193 2220 1237 2252 V:
1270 2220 1415 2251 laudatio
1440 2224 1505 2252 (eft.

177 2264 215 2293 18
239 2264 295 2294 illa
316 2263 368 2294 V:
392 2263 459 2294 ulla
476 2268 542 2295 cett.
645 2275 687 2294 20
711 2265 801 2295 enim
823 2263 870 2297 V:
895 2265 984 2295 enirn
1003 2274 1119 2294 versus
1136 2268 1200 2294 cett.
1305 2274 1343 2302 24
1363 2269 1398 2294 ut
1415 2264 1505 2303 quod

178 2305 242 2345 VX¹
263 2318 270 2337 ι
293 2312 328 2337 ut
347 2317 413 2337 non
435 2310 539 2344 (nunc
556 2306 605 2347 N)
625 2308 714 2347 quod
731 2312 796 2339 cett.
934 2310 975 2338 26
1000 2308 1157 2338 Phalarin
1181 2307 1228 2338 V:
1258 2306 1422 2338 Phalarim
1440 2310 1503 2337 cell.

175 2352 216 2381 28
241 2351 272 2380 in
293 2351 356 2380 isto
378 2350 474 2380 VEe:
500 2351 564 2381 isto
583 2351 613 2381 in
637 2355 700 2382 cett.
