1716 2662
119 790 158 811 10

119 1444 157 1466 20

504 79 615 119 PRO
645 80 689 118 L.
722 79 942 119 FLACCO
971 79 1189 118 ORATIO
1467 85 1567 125 3175

178 187 281 238 garni
330 197 517 237 mortuus,
559 191 660 228 facta
698 203 778 228 non
818 197 918 227 sunt.
997 191 1051 228 At
1090 187 1325 228 Castricium
1363 187 1506 238 quibus

179 253 318 301 verbis,
340 254 380 293 di
411 254 676 293 immortales!
710 256 855 293 ‘decus
885 253 1044 304 patriae,
1067 260 1343 293 ornamentum
1372 251 1506 303 populi

180 318 364 366 Romani,
405 320 540 358 florem
571 319 782 358 iuventutis
808 320 817 336 '
836 320 1048 369 appellant.
1105 320 1198 368 Qua
1229 332 1279 365 re,
1315 317 1502 363 Deciane,

179 381 210 420 si
241 383 408 433 cupidus
438 397 478 422 es
505 384 661 434 gloriae,
683 383 758 422 alia
778 390 1010 422 ornamenta
1030 396 1174 422 censeo
1202 396 1364 433 quaeras
1379 397 1390 430 3
1418 383 1505 420 Per-

179 447 334 497 gameni
361 456 398 487 te
425 449 652 488 deriserunt.
713 448 855 498 Quid?
882 456 924 487 tu
952 448 1034 487 ludi
1061 456 1099 487 te
1128 461 1210 487 non
1239 447 1502 498 intellegebas‚
1527 453 1566 496 76

179 526 270 551 cum
297 513 365 551 tibi
394 515 491 553 haec
512 515 630 553 verba
656 514 899 553 recitabant:
933 514 1213 553 ‘clarissimum
1240 513 1378 560 virum,
1400 526 1505 564 prae-

179 578 417 618 stantissima
432 580 634 630 sapientia,
652 579 836 630 singulari
852 579 1011 629 ingenio
1027 581 1065 618 '?
1126 579 1229 618 Mihi
1251 580 1377 626 crede,
1399 579 1505 618 lude-

179 643 284 682 bant.
344 646 447 684 Cum
474 658 566 683 vero
595 658 782 684 coronam
811 658 969 683 auream
1000 643 1135 682 litteris
1166 644 1435 694 imponebant,
1464 657 1505 682 re

178 721 268 746 vera
293 723 374 747 non
395 711 482 760 plus
502 723 640 748 aurum
670 709 739 747 tibi
769 723 888 760 quarn
918 710 1157 748 monedulae
1189 709 1501 756 committebant,

178 787 228 812 ne
255 781 338 812 turn
365 774 526 824 quidem
553 774 759 813 hominum
779 782 1025 813 venustatem
1047 782 1085 813 et
1106 774 1265 813 facetias
1283 773 1503 825 perspicere

178 838 370 888 potuisti?
425 841 512 889 Ipsi
545 839 660 890 igitur
697 839 751 878 illi
791 839 1021 890 Pergameni
1063 839 1367 890 proscriptiones
1406 853 1503 889 quas

178 912 219 942 tu
248 905 452 943 adferebas
486 906 800 956 repudiaverunt.
861 908 901 944 P.
926 904 1083 952 Orbius,
1116 906 1238 943 homo
1266 913 1303 943 et
1330 906 1502 955 prudens

177 978 214 1007 et
238 969 437 1017 innocens,
461 979 598 1009 contra
617 980 656 1010 te
675 971 810 1010 omnia
829 971 1011 1010 decrevit.
1063 972 1184 1021 Apud
1206 973 1246 1009 P.
1272 971 1500 1017 Globulum,
1523 981 1574 1018 32

178 1049 311 1073 meum
342 1037 617 1084 necessarium,
642 1037 745 1075 suisti
769 1037 981 1087 gratiosior.
1042 1036 1201 1074 Vtinam
1224 1050 1353 1086 neque
1374 1035 1502 1085 ipsum

141 1115 156 1145 5
178 1114 306 1150 neque
328 1115 392 1140 me
411 1102 625 1152 paeniteret
643 1106 649 1141 1
709 1104 894 1140 Flaccum
916 1102 1055 1140 iniuria
1076 1101 1296 1154 decrevisse
1317 1101 1355 1139 in
1377 1109 1443 1139 tua
1463 1115 1503 1140 re
1525 1111 1562 1145 77

176 1166 300 1214 dicis3
327 1167 506 1217 adiungis
533 1181 669 1205 causas
696 1167 998 1215 inimicitiarum,
1030 1168 1139 1217 quod
1166 1166 1264 1217 patri
1293 1168 1335 1204 L.
1361 1168 1503 1205 Flacco

175 1232 292 1271 aedili
323 1232 445 1270 curuli
476 1241 584 1283 pater
615 1241 705 1271 tuus
737 1233 916 1271 tribunus
946 1232 1071 1283 plebis
1104 1232 1210 1271 diem
1242 1231 1390 1271 dixerit.
1450 1233 1502 1270 At

176 1298 281 1337 istud
315 1312 364 1337 ne
402 1298 474 1349 ipsi
513 1299 673 1349 quidem
713 1298 811 1349 patri
853 1300 994 1338 Flacco
1025 1299 1140 1337 valde
1174 1300 1383 1336 molestum
1418 1311 1503 1336 esse

176 1364 325 1411 debuit,
348 1364 573 1414 praesertim
595 1378 685 1403 cum
707 1364 771 1402 ille
799 1364 861 1402 cui
883 1364 966 1402 dies
988 1364 1093 1403 dicta
1114 1371 1171 1402 est
1193 1371 1346 1414 praetor
1365 1370 1503 1413 postea

177 1430 301 1467 factus
323 1428 371 1467 sit
390 1438 427 1467 et
450 1430 600 1477 consul,
622 1429 684 1467 ille
706 1429 772 1479 qui
794 1429 899 1468 diem
920 1428 1018 1468 dixit
1038 1442 1119 1467 non
1140 1428 1310 1479 potuerit
1330 1428 1502 1479 privatus

177 1493 215 1532 in
246 1494 400 1533 civitate
434 1494 658 1533 consistere.
728 1495 805 1533 Sed
840 1494 870 1532 si
903 1494 1022 1531 iustas
1062 1493 1284 1531 inimicitias
1323 1493 1500 1543 putabas,

175 1573 253 1606 cur,
286 1573 375 1597 cum
405 1559 584 1598 tribunus
615 1559 782 1597 militum
817 1561 979 1597 Flaccus
1006 1566 1117 1605 esset,
1150 1558 1189 1596 in
1220 1557 1320 1596 illius
1349 1557 1502 1608 legione

176 1625 287 1663 miles
320 1625 433 1672 fuisti,
468 1640 558 1664 cum
587 1640 654 1676 per
677 1628 780 1676 leges
810 1625 984 1663 militaris
1014 1626 1182 1675 effugere
1213 1623 1343 1662 liceret
1365 1623 1502 1674 iniqui-

176 1699 293 1728 tatem
323 1691 464 1729 tribuni
484 1693 500 1729 ?
556 1693 635 1729 Cur
660 1699 790 1730 autem
813 1698 966 1741 praetor
987 1699 1035 1737 te,
1058 1690 1259 1728 inimicum
1282 1697 1498 1740 paternum,

142 1770 152 1776 ·
175 1755 214 1794 in
250 1757 456 1795 consilium
489 1757 672 1795 vocavit?
729 1758 842 1803 Quae
877 1756 1038 1806 quidem
1072 1769 1190 1805 quam
1226 1763 1359 1793 sancte
1389 1755 1501 1793 solita

175 1821 251 1859 sint
272 1821 465 1860 observari
488 1821 592 1860 scitis
613 1836 762 1861 omnes.
821 1823 938 1860 Nunc
966 1835 1196 1859 accusamur
1219 1821 1269 1859 ab
1292 1820 1346 1859 eis
1372 1820 1438 1870 qui
1461 1819 1499 1858 in
1523 1827 1560 1868 78

175 1886 339 1925 consilio
378 1886 491 1924 nobis
533 1888 697 1926 fuerunt.
760 1886 967 1925 ‘Decrevit
1009 1887 1196 1924 Flaccus.'
1254 1886 1359 1923 Num
1394 1884 1500 1923 aliud

173 1959 292 2002 atque
322 1953 523 2002 oportuit?
582 1953 651 1990 ‘In
687 1952 852 1991 liberos)
910 1953 1015 1989 Num
1056 1951 1166 1989 aliter
1204 1950 1355 1989 censuit
1394 1963 1500 1988 sena-

174 2019 266 2055 tus?
325 2018 397 2055 ‘In
431 2018 659 2056 absentem.'
720 2016 913 2063 Decrevit,
951 2030 1039 2054 cum
1076 2015 1223 2054 ibidem
1258 2028 1372 2062 esse&
1409 2028 1498 2052 cum

218 2132 239 2160 9
263 2121 459 2151 monedulae
478 2121 633 2158 Isidorus,
657 2120 769 2161 Ortgg.
787 2120 842 2150 xii.
867 2130 892 2158 7.
913 2129 954 2158 35
974 2131 979 2149 :
1014 2119 1224 2150 monaedium
1243 2118 1275 2149 P
1373 2128 1406 2149 11
1435 2118 1497 2158 ipsi

174 2164 322 2204 supplevi
354 2165 406 2195 isti
426 2165 527 2203 igitur
547 2164 643 2202 Perg.
665 2163 852 2193 Mommsen
1008 2174 1043 2202 13
1070 2164 1157 2202 apud
1178 2162 1362 2192 Lambinus
1380 2173 1385 2191 :
1419 2162 1451 2192 in
1469 2161 1503 2192 P

175 2208 329 2238 Globium
348 2207 380 2237 P
400 2212 485 2238 'corta
506 2208 538 2237 in
558 2218 623 2247 mg.
632 2210 641 2241 ἦ,
774 2218 809 2246 ¹5
836 2207 985 2236 Flaccum
1006 2206 1037 2236 in
1057 2207 1145 2236 curia
1165 2205 1396 2236 decrevissent
1413 2205 1498 2236 veri-

174 2252 267 2282 dicas
284 2252 438 2289 adiungis
457 2251 507 2281 1³:
532 2261 607 2281 corr.
628 2249 768 2291 filadmjg
914 2251 950 2280 16
977 2249 1093 2280 Flacco
1116 2249 1240 2279 Orclls:
1268 2248 1374 2279 Flacci
1392 2249 1423 2279 Ι)
1454 2249 1499 2279 ila

175 2303 266 2324 moxi
416 2295 452 2324 18
477 2305 518 2324 nc
540 2295 745 2324 Lambinus:
771 2304 831 2324 nec
852 2293 884 2323 P
1027 2303 1061 2322 21
1091 2293 1117 2324 si
1139 2293 1219 2323 istas
1236 2292 1287 2322 l':
1312 2303 1388 2322 sorr.
1408 2292 1497 2322 Nau-

169 2339 282 2378 gerius
300 2339 350 2375 -J2NV
436 2349 476 2368 22
495 2336 598 2377 illius]
618 2337 690 2367 eius
707 2337 895 2377 Naugerius
971 2346 1011 2376 23
1036 2336 1126 2377 cum]
1146 2347 1218 2366 cum
1237 2336 1292 2366 tibi
1311 2335 1498 2375 Naugerius

175 2392 213 2420 24
241 2387 374 2422 praetor
392 2382 435 2412 A.
455 2381 670 2422 Augustinus
689 2392 695 2411 :
720 2391 779 2420 per
798 2381 830 2411 P
939 2390 978 2419 27
1005 2380 1158 2411 faverunt
1182 2379 1228 2410 (³2
1252 2390 1330 2410 corr.
1350 2379 1498 2410 Faernus
