1716 2662
407 109 518 145 PRO
548 107 596 143 A.
629 106 881 145 CAECINA
912 107 1129 145 ORATIO
1383 117 1433 155 25
1456 122 1493 156 7²

107 215 191 255 sine
210 223 338 255 tutore
367 220 527 256 auctore
555 217 784 267 promiserit,
809 217 969 257 deberi.’
1028 218 1121 256 Non
1145 226 1203 256 est
1233 218 1361 257 aditus
1381 218 1434 257 ad

86 277 268 319 'huiusce
288 282 395 319 modi
417 294 476 320 res
497 294 626 331 neque
642 282 840 331 potentiae
861 281 1095 332 cuiusquam
1116 295 1246 333 neque
1265 283 1410 332 gratiae
1424 299 1434 330 ;

103 344 286 395 denique,
310 359 389 396 quo
411 346 535 384 maius
557 347 632 384 hoc
654 347 906 397 sanctiusque
926 347 1116 395 videatur,
1138 361 1188 386 ne
1208 348 1332 398 pretio
1353 348 1434 398 qui-

104 410 194 448 dem
217 411 411 461 corrumpi
435 411 552 450 iudex
572 412 611 449 in
633 412 716 450 eius
738 412 846 450 modi
867 425 985 451 causa
1005 419 1146 462 potest.
1208 413 1288 451 Iste
1304 420 1433 452 vester
1454 426 1494 461 73

65 489 82 521 5
103 474 211 512 testis
235 475 301 524 qui
327 488 444 513 ausus
473 484 531 514 est
559 476 689 515 dicere
719 487 882 515 FEClSSE
902 487 1048 515 v1DER1
1077 490 1166 516 eum
1197 478 1248 515 de
1272 490 1353 526 quo
1382 491 1433 517 ne

103 539 212 578 cuius
242 540 294 579 rei
324 549 547 591 argueretur
573 541 734 591 quidem
763 543 860 580 seire
885 541 1024 592 potuit,
1053 542 1083 580 is
1109 543 1192 592 ipse
1216 555 1432 592 numquam

101 605 262 644 auderet
305 605 477 644 iudicare
515 605 648 644 deberi
693 606 774 645 viro
813 608 947 646 dotem
986 620 1105 658 quam
1148 607 1287 645 mulier
1325 608 1433 646 nullo

102 679 262 710 auctore
290 671 461 710 dixisset.

157 737 193 775 O
215 749 295 774 rem
317 737 554 786 praeclaram
571 736 765 787 vobisque
785 737 837 775 ob
859 738 936 776 hoc
956 736 1213 784 retinendam,
1233 751 1431 788 recupera·
1450 741 1503 777 26

46 814 84 838 10
102 804 228 839 tores!
288 801 408 849 Quod
443 801 548 839 enim
583 810 640 840 est
675 801 734 839 ius
768 801 910 841 civile?
967 802 1089 850 Quod
1123 815 1252 852 neque
1286 802 1431 841 inflecti

102 865 223 915 gratia
257 878 386 915 neque
420 866 602 916 perfringi
636 866 812 916 potentia
851 880 981 917 neque
1019 867 1227 906 adulterari
1266 867 1433 917 pecunia

103 931 225 980 possit
240 945 251 978 3
279 932 387 981 quod
416 930 447 969 si
476 944 557 969 non
578 932 699 969 modo
730 944 962 982 oppressum
993 933 1062 970 sed
1090 932 1206 970 etiam
1234 933 1431 970 desertum

102 1003 169 1033 aut
198 995 466 1046 neglegentius
491 997 740 1034 adservatum
769 996 850 1043 erit,
874 996 970 1034 nihil
1001 1004 1058 1034 est
1088 997 1197 1046 quod
1224 996 1432 1047 quisquam

103 1074 187 1098 sese
208 1060 353 1099 habere
381 1069 531 1099 certum
561 1069 628 1099 aut
652 1075 675 1100 a
698 1064 807 1111 patre
833 1069 1087 1111 accepturum
1114 1070 1179 1100 aut
1208 1062 1433 1100 relicturum

47 1125 233 1172 15liberis
274 1124 491 1164 arbitretur.
564 1125 673 1175 Quid
713 1126 817 1165 enim
862 1127 975 1165 refert
1013 1126 1122 1165 aedis
1160 1134 1227 1164 aut
1265 1128 1432 1165 fundum
1457 1136 1495 1169 74

102 1190 280 1229 relictum
311 1204 334 1228 a
364 1198 473 1240 patre
503 1198 570 1229 aut
601 1190 733 1241 aliqua
764 1191 915 1229 ‘ratione
948 1191 1094 1230 habere
1129 1191 1232 1230 bene
1264 1199 1430 1241 partum,

103 1255 134 1292 si
173 1254 364 1294 incertum
409 1263 477 1303 est,
518 1268 620 1305 quae
661 1269 768 1294 nunc
816 1264 883 1294 tua
923 1255 1004 1294 iure
1044 1256 1215 1306 mancipi
1259 1256 1347 1303 sint,
1388 1270 1432 1294 ea

103 1320 281 1371 possisne
310 1320 486 1368 retinere,
520 1320 551 1358 si
580 1333 717 1370 parum
746 1329 804 1359 est
833 1321 1123 1359 communitum
1156 1320 1214 1359 ius
1249 1321 1362 1359 civile
1386 1335 1432 1359 ae

103 1385 262 1436 publica
292 1386 377 1435 lege
415 1394 551 1423 contra
589 1386 753 1424 alicuius
791 1386 954 1436 gratiam
993 1386 1116 1425 teneri
1155 1400 1236 1425 non
1274 1388 1433 1437 potest?

44 1465 85 1487 20
104 1451 212 1501 quid,
248 1450 421 1500 inquam,
461 1451 622 1501 prodest
653 1451 822 1489 fundum
861 1451 1015 1497 habere,
1053 1451 1094 1497 si,
1132 1464 1234 1500 quae
1273 1450 1432 1501 diligen-

103 1515 252 1553 tissime
289 1516 485 1565 descripta
517 1529 542 1554 a
574 1515 786 1553 maioribus
818 1515 901 1554 iura
939 1514 1089 1562 finium,
1123 1515 1429 1565 possessionum,

102 1592 290 1630 aquarum
322 1579 585 1629 itinerumque
619 1588 720 1626 sunt,
752 1580 849 1618 haec
876 1579 1093 1629 perturbari
1121 1579 1254 1629 aliqua
1282 1581 1430 1618 ratione

102 1643 415 1694 commutarique
438 1645 634 1694 possunt?
692 1643 793 1681 Mihi
815 1644 971 1690 credite,
995 1643 1118 1681 maior
1147 1643 1342 1682 hereditas
1364 1644 1430 1682 uni

102 1709 245 1759 cuique
276 1717 454 1747 nostrum
486 1709 592 1748 venit
627 1709 665 1746 in
698 1709 824 1747 isdem
851 1708 966 1747 bonis
999 1722 1023 1747 a
1051 1708 1133 1748 iure
1163 1716 1201 1747 et
1229 1722 1253 1747 a
1281 1709 1430 1759 legibus

43 1790 82 1822 ²5
102 1787 221 1824 quam
240 1774 291 1812 ab
318 1773 373 1812 eis
393 1787 416 1812 a
436 1774 578 1824 quibus
600 1773 664 1812 illa
694 1774 778 1824 ipsa
798 1774 912 1813 nobis
942 1773 1075 1812 relicta
1101 1782 1202 1812 sunt.
1262 1775 1366 1812 Nam
1389 1783 1430 1813 ut

102 1838 304 1889 perveniat
338 1840 389 1877 ad
421 1853 484 1877 me
516 1840 662 1877 fundus
694 1846 932 1877 testamento
963 1838 1126 1876 alicuius
1161 1837 1244 1876 fieri
1277 1846 1432 1889 potest;

102 1912 143 1944 ut
163 1903 352 1943 retineam
379 1904 487 1954 quod
509 1917 640 1942 meum
667 1905 813 1942 factum
836 1903 883 1942 sit
905 1903 989 1941 sine
1015 1902 1096 1941 iure
1117 1902 1219 1941 civili
1246 1902 1328 1941 fieri
1349 1917 1428 1941 non

149 2018 161 2038 1
189 2008 222 2038 id
239 2007 353 2038 deberi
370 2007 477 2038 Halm
609 2017 628 2037 2
654 2017 763 2047 neque
781 2006 908 2045 gratiae
926 2006 1120 2044 cuiusquam
1144 2005 1173 2036 T
1288 2016 1308 2044 3
1325 2004 1430 2036 maius

101 2051 288 2092 Angelius:
320 2051 428 2081 minus
454 2049 541 2081 codd.
680 2061 722 2081 ne
740 2074 746 2080 .
768 2074 775 2080 .
796 2073 803 2080 .
823 2050 958 2089 quidem
989 2050 1069 2080 TE:
1102 2050 1144 2079 de
1162 2072 1168 2079 .
1189 2072 1197 2080 .
1218 2072 1225 2079 .
1245 2050 1335 2088 quod
1363 2053 1426 2080 cett.

101 2097 123 2125 6
146 2095 254 2135 potuit
273 2095 300 2125 is
316 2094 434 2124 Klotz:
464 2094 618 2134 potuistis
636 2094 724 2124 codd.
859 2104 880 2132 9
905 2093 1116 2123 retinendam
1139 2091 1190 2122 T:
1217 2093 1428 2122 retinendum

101 2142 164 2169 cett.
285 2148 323 2177 14
347 2143 475 2168 eertum
493 2147 512 2168 a
536 2142 630 2178 patre
655 2142 830 2177 acceptum
852 2135 992 2176 Madvzg
1108 2145 1145 2173 17
1171 2140 1223 2165 est
1242 2135 1361 2166 Orelli:
1386 2136 1429 2165 sit

102 2181 191 2212 codd.
311 2191 397 2212 nunc
421 2181 554 2220 scripsi:
581 2180 669 2210 mina
692 2181 740 2211 T:
771 2190 844 2210 cum
869 2180 980 2210 omnia
1003 2183 1068 2209 cett.
1087 2190 1093 2209 ι
1125 2179 1157 2208 in
1176 2188 1276 2208 manu
1293 2177 1430 2217 Aladin}

106 2225 143 2254 18
166 2235 283 2264 parum
299 2225 433 2255 Ascens.
453 2225 501 2263 (1)
520 2235 527 2254 ε
559 2224 724 2263 parietum
747 2222 826 2253 TE:
859 2223 929 2261 pari
956 2228 1024 2253 tum
1043 2225 1106 2251 cett.
1211 2221 1261 2251 ius
1286 2222 1312 2251 si
1338 2222 1428 2251 civili

101 2267 192 2299 codd.
210 2279 217 2298 z
242 2279 320 2299 corr.
342 2267 530 2297 Mommsen
664 2276 706 2296 20
729 2275 816 2306 quae
838 2265 918 2297 T‘J‘:
943 2265 1020 2304 quia
1038 2268 1102 2295 cett.
1191 2264 1428 2295 decentissime

101 2310 190 2342 codd.
209 2323 216 2342 :
240 2321 321 2342 corr.
341 2310 504 2341 Garatoni
677 2319 718 2348 24
743 2309 837 2339 venit
853 2308 991 2339 hocloco
1008 2307 1082 2339 hab.
1105 2306 1172 2346 TE,
1192 2311 1268 2338 ante
1285 2307 1341 2337 uni
1359 2311 1425 2338 cett.

103 2365 143 2393 25
168 2354 263 2384 nobis
293 2354 429 2394 scripsi:
467 2353 553 2383 bona
578 2353 674 2384 nobis
707 2352 756 2383 T:
795 2353 884 2383 bona
915 2355 979 2383 cett.
1009 2350 1062 2392 (cf.
1093 2349 1258 2390 Zielinski,
1288 2355 1320 2392 p.
1352 2352 1425 2390 ¹24)

104 2407 142 2436 27
170 2398 240 2428 sieri
263 2397 311 2428 T:
335 2407 398 2427 om.
416 2401 481 2428 cell.

146 2450 209 2474 cxc.
238 2450 306 2472 pao
329 2449 477 2471 CAECINA
1323 2435 1343 2465 7
