1747 2620
189 113 238 153 37
258 120 297 153 9²
626 103 683 142 M.
718 104 886 141 TVLLI
919 103 1226 142 CICERONIS

257 214 434 266 epistulis
461 214 545 254 istis
573 214 792 254 indicavit?
850 214 1038 253 Mulieres
1065 221 1210 265 negant
1241 228 1281 253 se
1309 214 1407 254 scire
1435 215 1503 266 qui
1533 214 1591 254 sit.

259 281 351 331 Ipse
389 280 504 330 igitur
542 280 606 318 ille
645 280 716 318 tibi
755 294 796 318 se
830 281 881 318 ad
914 288 1077 318 matrem
1109 288 1148 319 et
1183 294 1356 319 sororem
1395 280 1594 331 scripsisse

197 358 238 391 93
259 345 454 384 narravit?
512 348 575 383 An
598 345 715 384 etiam
738 345 891 394 scripsit
911 353 1022 383 oratu
1043 347 1142 383 tuo?
1197 347 1251 384 At
1267 359 1359 384 vero
1384 347 1440 384 M.
1464 346 1596 384 Aebu-

193 1011 237 1043 94

259 410 369 458 tium,
392 410 757 449 constantissimum
782 418 820 449 et
845 409 1178 461 pudentissimum
1203 410 1419 458 hominem,
1445 411 1593 450 Falcidi

257 477 442 523 adfinem,
488 476 584 514 nihil
628 475 853 526 interrogas,
894 475 991 514 nihil
1035 475 1118 515 eius
1158 490 1346 526 generum
1389 476 1471 527 pari
1515 477 1593 515 fide
1612 491 1630 524 5

258 541 491 592 praeditum,
523 542 567 581 C.
600 540 843 580 Manilium?
886 540 955 592 qui
985 543 1163 592 profecto
1190 543 1241 580 de
1272 549 1381 580 tanta
1411 542 1590 593 pecunia,

258 606 289 644 si
328 615 429 645 esset
468 608 570 654 data,
608 606 705 645 nihil
744 606 902 646 audisse
941 621 1022 646 non
1061 614 1233 658 possent.
1294 607 1371 645 His
1403 615 1445 646 tu
1479 607 1594 658 igitur

257 671 444 722 epistulis,
482 672 669 719 Deciane,
703 672 886 720 recitatis,
920 672 980 710 his
1011 672 1250 711 mulierculis
1280 672 1494 723 productis,
1525 673 1593 711 illo

256 738 421 776 absente
460 745 621 776 auctore
660 739 823 777 laudato
862 745 1015 776 tantum
1060 745 1098 776 te
1143 738 1291 776 crimen
1335 738 1591 788 probaturum

256 802 411 853 putasti,
431 802 658 853 praesertim
680 817 770 841 cum
793 803 876 853 ipse
897 817 977 842 non
995 804 1233 842 deducendo
1255 803 1475 842 Falcidium
1496 803 1593 843 iudi—
1616 822 1653 843 10

256 867 361 906 cium
382 868 518 907 feceris
538 870 626 919 plus
643 870 779 907 falsam
797 869 1005 919 epistulam
1020 868 1243 908 habituram
1264 869 1449 919 ponderis
1470 883 1590 920 quam

256 932 377 983 ipsius
399 934 612 983 praesentis
634 936 766 973 fictam
788 948 928 973 vocem
950 942 987 972 et
1009 933 1236 972 simulatum
1257 935 1466 974 dolorem?

310 1000 388 1037 Sed
410 1001 505 1049 quid
524 1013 597 1049 ego
618 1001 668 1038 de
694 999 869 1050 epistulis
893 999 1040 1038 Falcidi
1061 1007 1128 1038 aut
1149 1001 1199 1039 de
1219 1001 1411 1038 Androne
1431 1001 1591 1040 Sextilio

254 1071 322 1102 aut
351 1065 402 1104 de
433 1066 599 1103 Deciani
630 1078 750 1103 censu
780 1072 860 1103 tam
890 1065 958 1104 diu
988 1066 1158 1115 disputo,
1182 1067 1233 1104 de
1263 1066 1387 1104 salute
1412 1065 1590 1105 omnium

256 1137 443 1176 nostrum,
468 1131 518 1168 de
546 1131 710 1169 fortunis
736 1130 912 1178 civitatis,
937 1132 987 1170 de
1018 1144 1172 1169 summa
1198 1145 1238 1169 re
1265 1131 1425 1181 publica
1449 1135 1592 1172 taceo?
1614 1148 1649 1179 15

255 1208 375 1246 quam
401 1209 470 1235 vos
498 1197 719 1235 universam
750 1196 790 1234 in
819 1198 895 1235 hoc
922 1196 1069 1235 iudicio
1090 1196 1236 1244 vestris,
1259 1197 1394 1235 vestris
1416 1198 1586 1248 inquam,

255 1261 410 1310 umeris,
434 1262 595 1310 iudices,
613 1262 822 1301 sustinetis.
882 1262 1036 1302 Videtis
1058 1276 1137 1313 quo
1159 1264 1198 1300 in
1219 1270 1331 1301 motu
1352 1270 1590 1313 temporum,

254 1336 402 1379 quanta
435 1328 476 1366 in
508 1329 765 1367 conversione
799 1342 926 1368 rerum
966 1342 1012 1367 ac
1050 1327 1343 1379 perturbatione
1378 1342 1587 1369 versemur.

184 1399 234 1445 38
256 1395 359 1435 Cum
404 1394 479 1433 alia
525 1396 649 1433 multa
694 1394 785 1433 certi
834 1394 1028 1441 homines,
1069 1401 1152 1432 tum
1198 1395 1274 1432 hoc
1313 1395 1374 1432 vel
1420 1394 1589 1434 maxime

185 1804 226 1836 95

254 1461 468 1499 moliuntur
495 1468 536 1499 ut
557 1468 706 1500 vestrae
733 1474 893 1511 quoque
920 1468 1083 1507 mentes,
1107 1467 1232 1498 vestra
1260 1459 1414 1507 iudicia,
1437 1469 1587 1500 vestrae
1609 1478 1649 1500 20

252 1527 469 1566 sententiae
497 1526 649 1577 optimo
675 1526 818 1577 cuique
846 1526 1121 1564 infestissimae
1149 1533 1267 1575 atque
1295 1525 1588 1566 inimicissimae

251 1593 502 1643 reperiantur.
554 1592 696 1631 Gravia
718 1592 862 1630 iudicia
883 1605 953 1641 pro
975 1591 1028 1630 rei
1050 1592 1232 1642 publicae
1253 1591 1443 1642 dignitate
1465 1594 1587 1631 multa

251 1659 302 1696 de
341 1658 633 1697 coniuratorum
673 1659 818 1696 scelere
850 1656 1005 1696 fecistis.
1068 1659 1160 1696 Non
1195 1665 1335 1707 putant
1370 1658 1461 1696 satis
1497 1672 1586 1697 con-

250 1736 401 1762 versam
431 1737 513 1762 rem
543 1723 753 1773 publicam,
786 1723 859 1761 nisi
895 1723 935 1761 in
970 1724 1138 1761 eandem
1169 1722 1379 1773 impiorum
1415 1737 1584 1774 poenam

250 1790 399 1839 optime
417 1788 575 1828 meritos
589 1788 682 1827 civis
698 1790 943 1827 detruserint.
998 1789 1220 1839 Oppressus
1238 1797 1295 1827 est
1311 1790 1354 1829 C.
1372 1790 1580 1830 Antonius.
1606 1807 1645 1840 ²5

251 1855 374 1901 Est0‚·
408 1853 544 1892 habuit
570 1855 770 1903 quandam
796 1854 860 1892 ille
891 1853 1092 1892 infamiam
1124 1868 1260 1902 suam3
1294 1868 1423 1905 neque
1451 1862 1582 1894 tamen

249 1920 313 1959 ille
334 1919 426 1970 ipse,
452 1933 521 1970 pro
543 1933 631 1958 meo
653 1919 733 1958 iure
756 1920 857 1967 dico,
882 1920 993 1958 vobis
1016 1919 1212 1959 iudicibus
1233 1921 1442 1959 damnatus
1467 1929 1580 1969 esset,

293 2035 306 2054 1
333 2024 388 2064 qui
414 2025 456 2055 sit
481 2024 616 2064 scripsi:
655 2025 728 2064 quis
764 2026 792 2055 is
818 2025 896 2055 Eblz
931 2025 1005 2064 quis
1037 2029 1102 2056 cell.
1253 2036 1272 2056 2
1297 2026 1369 2065 ipse
1398 2026 1500 2065 igitur
1526 2026 1582 2057 ille

247 2070 311 2099 ΣΙ);
337 2069 363 2098 is
381 2073 432 2098 est
451 2068 574 2106 igitur?
615 2068 674 2098 1110
693 2069 746 2107 χεῖ
956 2079 975 2107 3
999 2069 1047 2109 at]
1066 2080 1108 2099 an
1128 2072 1151 2100 Σ
1344 2080 1363 2107 4
1391 2070 1579 2109 prudentis-

245 2112 365 2142 simum
384 2111 471 2142 codd.
487 2123 493 2143 :
527 2122 610 2141 corr.
626 2111 803 2142 Manutius
938 2123 954 2151 7
982 2118 1116 2151 possent
1135 2113 1184 2144 ¹3:
1210 2118 1324 2152 posset
1341 2117 1406 2145 cett.
1543 2124 1582 2145 10

245 2155 276 2184 in
298 2155 458 2185 iudicium
478 2155 560 2191 (-ci0
578 2156 624 2196 Β)
645 2156 662 2185 ἰ)
858 2166 895 2194 14
921 2166 1023 2186 censu
1042 2155 1097 2186 ΣΙ)1
1115 2168 1119 2186 ε
1148 2167 1249 2187 sensu
1267 2160 1331 2187 cell.
1445 2157 1579 2196 disputo

246 2198 418 2228 Faernus:
445 2199 591 2237 disputo.
610 2199 753 2238 postulo.
773 2199 838 2238 Xk:
864 2199 998 2238 disputo
1016 2205 1061 2236 Net
1076 2199 1150 2230 add.
1167 2199 1219 2234 ΣΕ)
1239 2200 1371 2239 postulo
1389 2203 1451 2231 cell.
1473 2212 1479 2230 :
1513 2201 1580 2231 dis-

245 2247 325 2280 puto
344 2246 377 2271 et
395 2242 575 2281 expostulo
592 2241 681 2272 codd.
701 2241 862 2272 Lambini
973 2252 1010 2281 15
1036 2254 1070 2273 re
1087 2243 1157 2274 edd.
1180 2243 1242 2274 VR
1260 2255 1265 2273 :
1292 2245 1338 2274 rei
1356 2243 1444 2274 codd.
1541 2245 1580 2274 16

244 2284 377 2323 vestris⁷
397 2285 519 2316 vestris
537 2286 577 2322 kz,
597 2286 782 2326 Angelius:
808 2286 928 2317 vestriS
946 2291 1009 2318 cell.
1136 2297 1171 2325 17
1197 2297 1263 2326 quo
1281 2287 1314 2318 in
1333 2293 1424 2318 motu
1443 2286 1551 2318 Scltol.
1570 2297 1577 2317 :

245 2329 276 2357 in
295 2338 362 2366 quo
381 2333 473 2359 motu
493 2329 599 2369 (metu
616 2329 660 2370 ς’)
677 2329 768 2360 codd.
897 2339 938 2368 23
964 2340 1161 2361 conversam
1181 2330 1237 2361 ΣΙ)1
1254 2341 1260 2361 :
1285 2341 1483 2362 conversam
1501 2341 1576 2361 esse

245 2375 307 2401 fell.
