1716 2662
556 277 1032 331 PRAEFATIO

188 431 432 469 ORATroNEs
453 441 554 479 quae
574 429 650 467 hoc
670 426 870 466 volumine
896 428 1147 467 continentur
1172 430 1211 468 id
1239 442 1450 470 commune

134 495 279 533 habent
301 496 408 545 quod
432 496 538 532 Italis
560 495 716 533 saeculo
736 507 784 531 xv
804 493 964 532 ineunte
985 493 1249 534 innotuerunt.
1311 498 1452 535 Defen-

132 560 262 599 siones
284 563 325 600 P.
349 560 526 610 Quinctii
547 567 585 599 et
605 561 649 598 L.
673 559 803 598 Flacci
824 559 910 609 quis
940 559 1131 599 invenerit
1160 574 1240 600 non
1267 561 1452 600 traditur:

134 633 281 665 ceteras
302 639 348 665 ex
368 626 561 676 legatione
584 624 791 663 Helvetica
817 624 1026 674 reportavit
1057 625 1236 675 Poggius.
1297 629 1329 665 E
1357 629 1453 677 Pog-

137 690 260 740 gianis
289 698 377 738 tres,
411 704 511 741 quae
550 698 640 729 sunt
679 703 748 740 pro
784 691 832 738 Q.
871 691 1018 728 Roscio
1052 690 1270 737 ComoedO,
1306 705 1376 742 pro
1406 693 1451 731 C.

134 756 296 795 Rabirio
313 756 590 807 perduellionis
607 768 683 803 reo,
702 769 772 806 pro
789 756 833 794 C.
855 754 1016 793 Rabirio
1035 757 1225 795 Postumo
1240 756 1451 796 habitae——

133 829 174 861 ut
196 822 442 873 Palimpsesti
463 822 691 872 particulam
717 821 917 870 quandam
941 820 1285 860 omittam—nullo
1315 830 1452 872 postea

131 887 170 926 in
191 888 328 927 codice
357 889 537 926 inventae
562 894 674 925 sunt:
706 885 842 925 ceteris
870 894 1118 925 accesserunt
1147 887 1322 926 subsidia
1351 901 1452 926 nova

133 960 259 991 aetate
280 952 399 1002 ipsius
422 951 567 1002 Poggii.
627 954 746 989 Anno
774 952 879 989 enim
905 952 983 990 sere
1014 963 1112 1000 1425
1131 951 1141 971 ¹
1173 951 1250 990 luci
1277 953 1451 992 redditus

132 1024 190 1055 est
211 1017 352 1056 nobilis
374 1017 436 1056 ille
457 1018 581 1055 codex
602 1015 816 1054 Vaticanus
837 1015 935 1067 (V),
958 1015 997 1054 in
1014 1030 1093 1067 quo
1110 1030 1197 1067 pars
1217 1017 1451 1056 Pisonianae

131 1082 215 1120 aliis
241 1095 330 1120 cum
355 1081 597 1120 orationibus
627 1080 859 1127 continetur,
883 1093 989 1119 anno
1023 1084 1122 1128 1426
1152 1083 1316 1120 alterum
1348 1082 1451 1121 Piso‘

129 1146 268 1186 nianae
307 1154 345 1186 et
384 1146 604 1185 orationum
643 1153 779 1183 contra
817 1147 980 1183 Rullum
1026 1148 1222 1196 exemplar
1261 1148 1451 1186 Coloniae

129 1212 277 1251 invenit
307 1211 495 1251 Nicolaus
525 1209 784 1261 Treyerensis,
817 1210 897 1249 sive
927 1209 1140 1250 Cusanus.2
1195 1211 1304 1250 Alios
1332 1212 1451 1251 hodie

128 1278 319 1316 habemus
357 1277 476 1316 libros
515 1274 649 1326 postea
666 1266 858 1325 'repe'rtos
902 1275 1044 1327 (TEe),
1080 1277 1130 1314 de
1177 1276 1320 1326 quibus
1359 1290 1450 1315 mox

128 1342 353 1382 dicendum.

184 1409 246 1446 De
266 1407 325 1446 his
346 1408 534 1445 Italorum
554 1404 721 1445 inventis
742 1417 860 1456 quam
882 1404 1108 1445 brevissime
1129 1406 1258 1445 dicam
1277 1422 1285 1446 z
1315 1408 1447 1454 multa,

127 1485 228 1523 quae
248 1479 455 1522 angustum
477 1470 732 1510 Praefationis
753 1470 922 1521 spatium
943 1484 1023 1509 non
1044 1471 1159 1520 capit,
1177 1470 1309 1510 libello
1330 1484 1447 1522 quem

131 1537 342 1587 typothetis
364 1550 485 1587 prope
506 1536 611 1575 diem
634 1536 842 1575 traditurus
864 1549 951 1574 sum
972 1536 1206 1575 reservabo.⁸

181 1605 234 1641 Vt
254 1602 305 1640 ab
334 1601 576 1640 orationibus
604 1614 674 1651 pro
699 1600 889 1650 Quinctio
916 1608 954 1639 et
977 1613 1048 1651 pro
1079 1602 1221 1639 Flacco
1247 1599 1443 1652 incipiam,

127 1674 332 1717 utramque
355 1673 492 1705 tractat
519 1665 716 1704 Antonius
744 1667 922 1704 Luschus
949 1664 989 1703 in
1010 1665 1324 1713 Commentariis,
1347 1680 1446 1716 quos

126 1741 217 1772 ante
237 1745 384 1771 annum
411 1742 507 1781 1405
523 1731 687 1780 scriptos
704 1743 789 1769 esse
802 1731 919 1769 docet
934 1731 981 1768 R.
999 1729 1242 1769 Sabbadini.⁴
1286 1732 1444 1769 Nullam

169 1831 180 1851 ¹
206 1832 279 1863 Hoc
311 1831 393 1862 libro
422 1841 500 1861 usus
530 1834 580 1861 est
609 1829 756 1869 Poggius
786 1829 916 1860 Romae
943 1839 1030 1859 anno
1063 1830 1145 1868 1428
1175 1828 1368 1868 (Epistulae,
1395 1827 1441 1858 ed.

131 1874 258 1914 Tonellt',
288 1886 313 1906 1.
341 1885 371 1914 p.
398 1876 495 1913 2162:
536 1883 643 1913 nuper
666 1874 838 1904 inventum
863 1882 938 1903 esse
964 1872 1044 1903 dicit
1067 1872 1214 1911 Aurispa
1242 1882 1332 1902 anno
1364 1882 1445 1912 1430

127 1918 332 1958 (salahadini,
359 1917 517 1958 Scoperte,
546 1927 576 1956 p.
608 1917 675 1955 87).
734 1916 785 1947 De
816 1916 965 1947 oratione
993 1925 1101 1954 nuper
1132 1919 1265 1954 reperta
1298 1915 1445 1954 loquitur

125 1962 292 1993 Guarinus
315 1971 404 1992 anno
431 1970 512 1999 1425
536 1959 747 2001 (Sabbadt'ni,
773 1959 888 1990 Museo
911 1959 979 1990 ital.
1005 1959 1036 1989 ii.
1063 1969 1093 1998 p.
1119 1959 1207 1998 289),
1236 1968 1330 1997 quam
1358 1959 1443 1989 Fon-

125 2006 269 2036 teianam
289 2014 364 2036 esse
386 2004 540 2043 arbitror,
562 2014 646 2042 quae
667 2004 699 2033 in
724 2002 839 2034 Vsolo
859 2007 995 2033 servata
1014 2007 1076 2033 est.
1122 2001 1198 2032 Alia
1217 2001 1336 2032 saltem
1357 2012 1443 2042 quae

124 2048 224 2079 suerit
242 2057 309 2078 non
326 2048 432 2078 video.

167 2090 179 2111 ²
207 2091 388 2122 ‘Nicolaus
408 2090 464 2121 ille
485 2090 704 2121 Treverensis
724 2113 730 2120 .
750 2114 757 2121 .
776 2113 783 2120 .
802 2090 882 2120 dicit
901 2099 937 2120 se
958 2089 1082 2120 habere
1103 2087 1305 2129 (volumina)
1326 2088 1441 2118 multo-

125 2145 193 2165 rum
215 2145 354 2174 operum
375 2134 559 2171 Ciceronis,
582 2134 613 2164 in
639 2134 756 2172 quibus
780 2137 858 2163 sunt
882 2132 1050 2163 orationes
1075 2132 1116 2162 de
1141 2131 1216 2170 lege
1240 2131 1380 2170 agraria,
1409 2131 1441 2162 in

126 2178 294 2214 Pisonem,
313 2178 353 2208 de
373 2177 527 2216 Legibus,
546 2177 589 2207 de
608 2177 699 2213 Fato,
718 2182 751 2207 et
770 2176 864 2216 plura
884 2176 948 2206 alia
972 2186 1012 2206 ex
1033 2173 1285 2215 sragmentatis‚'
1309 2173 1438 2213 Ionem,

124 2232 155 2261 p.
175 2223 246 2252 266.
295 2219 345 2251 Cf.
363 2219 556 2257 Saffudini,
572 2219 727 2259 Scoperte,
747 2230 778 2259 p.
801 2228 870 2250 110.

165 2263 178 2282 ⁸
202 2264 367 2295 Anecdota
385 2263 596 2303 Oxoniensia,
614 2262 767 2294 Classical
781 2262 896 2301 Series,
914 2262 996 2293 Part
1009 2261 1069 2293 XI.

165 2306 178 2327 ⁴³
202 2307 350 2339 Bricciole
368 2306 596 2346 Umam'stiche,
616 2317 646 2346 p.
667 2316 696 2345 5.

761 2373 800 2399 m
