1716 2662
345 100 454 138 PRO
485 101 531 139 C.
565 100 803 137 RABIRIO
836 99 1097 137 POSTVMO
1128 101 1344 138 ORATIO
1480 111 1506 148 4
1527 116 1546 146 9

183 215 243 252 Ita
272 214 483 259 contendo,
515 212 714 250 neminem
749 225 937 261 umquam
967 214 1086 257 ‘Qvo
1120 224 1170 249 ΕΑ
1205 223 1381 249 PECVNIA
1417 224 1508 250 PER-

180 279 406 315 VENISSET'
454 290 612 315 causam
665 275 809 315 dixisse
859 277 924 326 qui
976 276 1015 314 in
1069 276 1322 314 aestimandis
1376 277 1506 315 litibus

177 344 395 393 appellatus
423 356 501 380 non
530 349 640 380 esset.
703 342 751 379 In
778 341 908 379 litibus
939 349 1069 380 autem
1100 355 1218 380 nemo
1238 343 1507 392 appellabatur

179 407 251 445 nisi
273 421 319 445 ex
340 407 497 446 testium
522 406 636 445 dictis
666 414 733 445 aut
757 406 899 445 tabulis
928 406 1165 456 privatorum
1196 415 1261 445 aut
1291 406 1505 445 rationibus

143 472 391 520 5civitatum.
451 474 590 522 Itaque
611 471 650 509 in
672 471 884 510 inferendis
910 471 1042 509 litibus
1071 473 1209 510 adesse
1236 472 1414 510 solebant
1440 472 1506 522 qui
1531 488 1568 510 10

177 537 325 587 aliquid
343 538 392 576 de
409 551 449 576 se
465 537 708 583 verebantur,
726 545 774 584 et,
794 550 884 575 cum
906 545 1015 575 erant
1030 536 1225 587 appellati,
1242 536 1272 574 si
1289 536 1504 585 videbatur,

178 603 307 640 statim
333 610 469 641 contra
489 601 618 641 dicere
643 603 823 641 solebant
838 616 848 650 3
888 602 948 640 sin
978 602 1061 641 eius
1093 602 1278 652 temporis
1309 610 1506 640 recentem

177 667 365 706 invidiam
397 667 686 718 pertimuerant,
722 668 1014 718 respondebant
1047 676 1193 718 postea.
1264 667 1384 714 Quod
1415 681 1505 705 cum

177 733 370 779 fecissent,
404 733 586 783 permulti
622 746 738 783 saepe
772 733 958 771 vicerunt.
1035 735 1127 771 Hoc
1161 746 1252 772 vero
1287 747 1433 772 novum
1468 741 1548 780 et5

123 814 158 837 ιο
177 805 268 836 ante
296 799 373 835 hoc
403 805 558 847 tempus
590 797 754 836 omnino
787 797 1020 836 inauditum.
1082 799 1127 835 In
1160 797 1292 836 litibus
1328 797 1504 835 Postumi

176 876 323 901 nomen
349 871 406 901 est
434 877 639 912 nusquam.
702 864 750 901 In
778 862 910 901 litibus
941 862 1060 910 dico3
1089 864 1210 901 modo
1234 877 1302 901 vos
1328 863 1431 901 idem
1464 862 1501 900 in

176 929 222 965 A.
246 927 460 965 Gabinium
498 927 647 966 iudices
677 927 858 973 sedistis3
888 941 983 965 num
1014 928 1100 977 quis
1130 928 1237 966 testis
1270 915 1500 966 Postumum

174 992 414 1042 appellavit?
457 992 564 1030 testis
598 994 768 1030 autem?
799 1005 893 1030 num
926 994 1160 1031 accusator?
1201 1007 1295 1030 num
1330 993 1502 1043 denique

175 1065 259 1095 toto
291 1057 357 1094 illo
389 1057 428 1094 in
463 1056 609 1095 iudicio
643 1057 818 1096 Postumi
849 1071 996 1095 nomen
1027 1057 1219 1096 audistis?
1276 1059 1366 1096 Non
1390 1058 1503 1107 igitur
1527 1075 1558 1095 11

120 1135 154 1166 15
175 1136 262 1160 reus
283 1136 329 1160 cx
349 1136 394 1161 ea
415 1136 532 1160 causa
553 1136 653 1173 quae
678 1122 848 1162 iudicata
877 1131 934 1161 est
968 1122 1162 1162 redundat
1191 1126 1411 1170 Postumus,
1434 1125 1503 1162 sed

175 1196 232 1226 est
260 1189 444 1238 adreptus
472 1201 573 1226 unus
603 1201 724 1238 eques
756 1190 961 1226 Romanus
990 1190 1040 1227 de
1072 1188 1247 1238 pecuniis
1278 1189 1503 1239 repetundis

174 1267 273 1292 reus.
305 1253 462 1303 Quibus
489 1253 665 1293 tabulis?
713 1255 826 1304 Quae
847 1253 887 1292 in
909 1253 1055 1292 iudicio
1077 1253 1301 1293 Gabiniano
1322 1254 1504 1293 recitatae

173 1332 255 1357 non
284 1327 385 1357 sunt.
427 1320 521 1368 Quo
541 1320 671 1358 teste?
712 1321 751 1358 A
770 1332 851 1370 quo
871 1327 955 1358 tum
974 1320 1194 1370 appellatus
1216 1333 1411 1370 nusquam
1431 1328 1499 1358 est.

176 1386 265 1434 Qua
298 1385 570 1424 aestimatione
602 1385 727 1424 litium
744 1384 770 1423 ?'
819 1387 865 1423 In
901 1399 979 1436 qua
1011 1384 1187 1424 Postumi
1221 1384 1369 1424 mentio
1403 1386 1503 1424 facta

116 1466 156 1487 20
175 1452 281 1489 nulla
310 1460 378 1489 est.
439 1452 528 1500 Qua
557 1452 673 1501 lege?
704 1452 821 1500 ·Qua
850 1464 929 1489 non
960 1458 1123 1489 tenetur.

232 1517 310 1554 Hic
332 1516 419 1561 iarn,
442 1516 602 1565 iudices,
627 1516 741 1555 vestri
763 1516 901 1555 consili
923 1529 981 1554 res
1004 1525 1072 1563 est,
1096 1523 1244 1554 vestrae
1265 1515 1502 1566 sapientiae;

175 1581 271 1632 quid
291 1583 428 1620 deceat
450 1595 532 1629 vos,
549 1595 628 1619 non
651 1589 842 1631 quantum
864 1581 977 1619 liceat
1000 1581 1121 1628 vobis,
1141 1589 1315 1630 spectare
1336 1580 1499 1619 debetis.

176 1646 214 1685 Si
253 1646 358 1686 enim
399 1646 494 1697 quid
534 1646 647 1685 liceat
683 1646 878 1696 quaeritis,
922 1645 1084 1695 potestis
1119 1646 1254 1684 tollere
1287 1659 1308 1684 e
1347 1645 1502 1684 civitate

175 1726 293 1761 quem
328 1712 468 1759 voltis3
510 1713 652 1751 tabella
687 1720 744 1750 est
777 1725 878 1762 quae
913 1712 979 1750 dat
1020 1719 1251 1761 potestatem
1276 1725 1285 1757 ;
1332 1712 1501 1749 occultat

115 1790 154 1822 25
175 1778 312 1816 eadem
346 1778 561 1825 libidinem,
580 1780 690 1816 cuius
724 1778 1006 1816 conscientiam
1040 1777 1135 1814 nihil
1167 1784 1224 1814 cst
1255 1777 1363 1825 quod
1398 1776 1501 1826 quis-

174 1857 291 1893 quam
314 1843 459 1890 timeat‚
479 1843 507 1881 si
526 1857 605 1881 non
628 1843 876 1893 pertimescat
894 1856 1015 1881 suam.
1051 1842 1129 1881 Vbi
1147 1850 1203 1879 est
1226 1841 1338 1891 igitur
1353 1841 1503 1891 sapien·
1527 1856 1560 1878 12

173 1907 226 1946 tia
242 1907 412 1946 iudicis?
443 1909 490 1946 In
507 1909 593 1956 hoc,
613 1916 654 1946 ut
672 1921 750 1946 non
775 1910 901 1947 solum
920 1908 1016 1957 quid
1040 1907 1172 1957 possit,
1190 1908 1258 1945 sed
1275 1906 1390 1944 etiam
1406 1906 1501 1956 quid

173 1973 326 2020 debeat,
361 1974 551 2024 ponderet
581 1987 654 2011 nec
684 1981 876 2023 quantum
909 1973 982 2010 sibi
1017 1972 1248 2022 permissum
1281 1971 1500 2010 meminerit

217 2088 235 2107 2
259 2078 313 2116 qui
333 2077 364 2108 in
383 2081 433 2108 st:
458 2077 534 2116 quin
554 2080 616 2108 cett.
765 2077 928 2107 limitibus
947 2079 1072 2114 Ωιιιοψε
1090 2076 1133 2114 (v.
1157 2086 1175 2114 5
1194 2074 1301 2115 Ωῐοιῗ)
1479 2085 1501 2113 9

172 2127 205 2151 ct
224 2120 363 2151 Maller:
390 2126 440 2151 est
460 2124 541 2158 tom.
560 2121 667 2158 Ωίψςῖ
688 2119 774 2151 codd.
793 2132 799 2151 z
824 2126 875 2151 est
893 2125 925 2150 et
943 2120 1105 2150 Patricius
1286 2129 1319 2148 11
1348 2118 1432 2148 idem
1449 2119 1499 2149 ἴε

174 2164 272 2194 iidcm
291 2167 356 2195 cett.
469 2175 505 2202 14
529 2164 613 2203 non]
631 2175 709 2194 num
728 2164 767 2194 Ωι
884 2174 920 2203 17
948 2163 1136 2194 Gabiniano
1155 2162 1305 2192 Muretus
1323 2173 1328 2191 :
1355 2162 1498 2193 Gabinio

172 2207 268 2237 9¹05:
294 2219 311 2237 a
325 2207 468 2238 Gabinio
486 2208 558 2245 (-iio
576 2207 634 2248 52⁴2)
653 2212 715 2238 rett.
735 2219 741 2238 t
769 2208 807 2237 Α.
827 2207 959 2238 Gabinii
978 2206 1152 2236 Hotoman
1263 2207 1301 2235 18
1326 2215 1392 2244 quo
1412 2211 1496 2235 teste

171 2250 270 2289 staff-’⁴3'
287 2262 293 2280 :
317 2252 405 2289 quod
425 2251 488 2281 iste
504 2254 569 2280 cett.
711 2260 747 2290 19
774 2261 839 2287 qua
858 2251 1094 2281 aestimatione
1114 2249 1372 2289 Pantagathus:
1397 2259 1494 2288 quam

170 2293 250 2333 (qua
275 2295 347 2333 ⁴sl‘Tli
365 2293 630 2334 appellationem
655 2295 720 2324 '-ne
738 2295 811 2333 εἰς)
827 2293 914 2325 codd.
1033 2304 1071 2332 25
1089 2292 1332 2324 conscientiam
1351 2293 1380 2324 '7'-
1396 2304 1402 2323 ι
1420 2303 1494 2322 con-

170 2338 309 2367 scientia
328 2341 389 2369 cett.
494 2338 670 2377 quicquam
689 2337 774 2368 codd.
792 2349 796 2367 z
822 2347 900 2367 corr.
918 2336 963 2368 ed.
986 2336 1016 2366 V
