1747 2620
258 95 320 135 24
672 89 728 127 M.
760 89 928 126 TVLLI
961 87 1267 127 CTCERONIS

300 198 414 237 vestri
455 213 678 246 concursus,
723 212 852 249 neque
893 198 1068 249 singulae
1107 212 1224 237 voces
1267 212 1520 248 praeconum,
1560 202 1630 240 sed

260 279 276 309 5
299 277 376 303 una
424 278 499 303 vox
546 265 715 303 universi
763 264 895 314 populi
943 263 1114 302 Romani
1157 265 1360 302 consulem
1408 266 1630 305 declaravit.

300 329 392 367 Hoc
436 342 509 379 ego
558 338 636 367 tam
686 329 848 379 insigne,
896 337 974 366 tam
1022 328 1217 379 singulare
1265 337 1437 368 vestrum
1485 330 1630 369 benefi-

297 395 413 442 cium,
437 395 621 445 Quii·iteS‚
646 408 736 433 cum
765 396 816 433 ad
842 395 961 432 animi
994 394 1070 433 mei
1096 396 1264 433 fructum
1293 402 1413 446 atque
1441 395 1629 435 laetitiam

294 461 400 499 duco
433 475 517 500 csse
552 474 821 511 permagnum,
859 469 941 499 tum
977 462 1027 499 ad
1068 473 1202 499 curam
1241 460 1630 512 sollicitudinemque

297 527 420 564 multo
456 525 587 576 magis.
663 527 878 564 Versantur
920 526 1037 573 enim,
1075 525 1260 574 Quirites,
1295 525 1336 564 in
1366 526 1500 565 animo
1539 540 1629 565 meo

296 592 441 630 multae
480 599 518 630 ct
555 605 690 642 graves
731 591 988 641 cogitationes
1025 604 1127 641 quae
1166 590 1261 628 mihi
1296 592 1444 629 nullam
1479 600 1629 642 partem

296 670 425 707 neque
445 656 608 695 diurnae
631 670 760 707 neque
783 664 999 694 nocturnae
1022 656 1164 706 quietis
1194 656 1432 706 impertiunt,
1457 657 1630 707 primum

295 723 431 762 tuendi
452 724 690 769 consulatus,
715 736 816 772 quae
838 736 928 760 cum
952 722 1137 759 omuibus
1160 730 1217 760 est
1239 721 1406 760 difficilis
1428 730 1465 760 et
1479 736 1629 776 magna

295 787 404 835 ratio,
439 795 522 826 tum
557 801 649 825 vero
691 786 787 825 mihi
827 795 977 837 praeter
1019 794 1169 826 ceteros
1209 786 1320 825 cuius
1356 795 1482 826 errato
1520 789 1629 827 nulla

295 853 418 901 venia,
442 861 545 891 recte
566 854 670 891 facto
700 852 838 903 exigua
861 854 944 890 laus
972 860 1009 891 ct
1036 854 1087 890 ab
1121 851 1250 890 invitis
1281 866 1461 903 expressa
1491 866 1629 903 propo-

296 917 423 966 nitur;
453 932 532 956 non
554 918 751 957 dubitanti
774 918 890 956 fidele
912 918 1133 965 consilium,
1156 931 1236 956 non
1265 918 1458 957 laboranti
1479 927 1628 957 certum

252 960 516 1042 {subsidium
547 983 762 1022 nobilitatis
794 982 1023 1021 ostenditur.
1086 984 1207 1031 Quod
1234 983 1265 1022 si
1293 985 1399 1022 solus
1431 983 1469 1021 in
1499 983 1630 1022 discriu

296 1063 385 1088 men
415 1050 577 1100 aliquod
608 1050 833 1095 adducerer,
858 1049 1009 1095 ferrem,
1037 1048 1221 1097 QuiriteS‚
1252 1048 1385 1086 animo
1416 1049 1631 1100 aequiore;

294 1116 364 1153 sed
386 1115 479 1153 milii
502 1115 684 1153 videntur
705 1113 798 1152 certi
829 1112 1024 1157 homines,
1047 1127 1076 1151 si
1099 1127 1176 1164 qua
1198 1114 1236 1151 in
1260 1127 1299 1152 re
1322 1128 1385 1153 me
1406 1128 1485 1153 non
1509 1117 1630 1153 modo

294 1180 459 1218 consilio
484 1192 619 1218 verum
649 1179 766 1218 etiam
798 1192 891 1217 casu
924 1180 1077 1230 lapsum
1108 1192 1194 1216 esse
1225 1178 1527 1226 arbitrabuntur,
1560 1194 1630 1219 vos

296 1244 495 1284 universos
516 1246 582 1295 qui
606 1257 668 1283 me
688 1243 946 1282 antetuleritis
980 1243 1178 1282 nobilitati
1201 1242 1464 1294 vituperatur-i.
1527 1245 1629 1283 Mihi

293 1319 439 1358 autem,
462 1309 646 1359 Quirites,
671 1308 805 1348 omnia.
833 1307 964 1359 potius
995 1308 1254 1360 perpetienda
1277 1322 1361 1347 esse
1384 1310 1488 1347 duco
1510 1323 1629 1360 quam

295 1389 374 1415 non
405 1376 457 1414 ita
485 1376 702 1425 gerendum
733 1375 981 1412 consulatum
1018 1382 1061 1412 ut
1098 1374 1138 1411 in
1173 1374 1358 1413 omnibus
1392 1375 1488 1413 meis
1519 1375 1629 1414 factis

294 1450 411 1492 atque
446 1440 618 1479 consiliis
653 1448 824 1478 vestrum
857 1441 908 1478 dc
941 1453 1004 1478 me
1041 1440 1186 1478 factum
1224 1440 1513 1491 consiliumque
1552 1441 1630 1479 lau-

294 1509 417 1546 detur.
478 1505 645 1545 Accedit
662 1504 779 1544 etiam
801 1505 865 1544 ille
889 1504 983 1542 mihi
1007 1518 1185 1543 summus
1202 1505 1313 1544 labor
1332 1519 1378 1544 ac
1400 1505 1629 1544 difficillima

296 1573 392 1612 ratio
422 1573 648 1611 consulatus
678 1571 852 1622 gerendi,
874 1572 982 1621 quod
1013 1584 1093 1609 non
1124 1572 1261 1610 eadem
1292 1571 1385 1609 mihi
1413 1585 1489 1622 qua
1519 1586 1630 1622 supe-

297 1639 461 1678 rioribus
478 1638 707 1677 consulibus
729 1639 813 1688 lege
835 1646 872 1676 et
895 1637 1131 1677 condicione
1148 1638 1341 1676 utendum
1359 1651 1444 1677 esse
1460 1638 1627 1683 decrevi,

296 1705 362 1756 qui
410 1704 561 1743 aditum
602 1703 717 1742 huius
762 1703 837 1742 loci
889 1711 1228 1754 conspectumque
1268 1712 1438 1742 vestrum
1488 1703 1627 1755 partim

298 1785 441 1821 magno
471 1783 589 1821 opere
610 1770 800 1819 fugerunt,
825 1769 963 1819 partim
995 1783 1075 1807 non
1097 1756 1350 1808 vehementer
1371 1769 1493 1808 secuti
1525 1778 1626 1808 sunt.

298 1840 384 1888 Ego
403 1844 535 1875 autem
557 1849 637 1874 non
667 1836 794 1873 solum
824 1837 899 1873 hoc
928 1835 966 1873 in
992 1837 1080 1873 loco
1108 1835 1237 1873 dicam
1266 1835 1332 1873 ubi
1364 1843 1420 1873 est
1452 1835 1490 1873 id
1521 1836 1628 1874 dictu

296 1903 535 1948 facillimum,
561 1902 629 1939 sed
656 1900 693 1938 in
727 1901 812 1951 ipso
839 1909 976 1939 senatu
1002 1901 1040 1938 in
1067 1914 1147 1950 quo
1175 1913 1261 1939 esse
1288 1902 1397 1939 locus
1426 1900 1518 1938 huic
1539 1901 1624 1939 voci

296 1983 376 2007 non
398 1968 603 2007 videbatur
637 1968 867 2017 popularem
891 1980 952 2005 me
974 1967 1145 2005 futurum
1169 1979 1253 2004 esse
1279 1968 1482 2005 consulem
1506 1966 1629 2016 prima

340 2085 358 2105 2
384 2085 451 2105 una
470 2084 535 2104 vox
554 2073 681 2113 Kayser
697 2084 703 2103 :
728 2083 793 2103 una
810 2082 893 2102 voce
914 2071 995 2101 *flam
1015 2081 1080 2101 -cm
1100 2069 1168 2109 AF)
1187 2069 1273 2100 codd.
1479 2070 1627 2100 universi

296 2129 327 2158 p.
352 2119 391 2149 R.
410 2119 474 2148 Ee:
504 2119 683 2148 universus
701 2127 732 2157 p.
755 2116 795 2148 R,
814 2119 877 2147 cett.
991 2125 1010 2153 5
1036 2114 1278 2154 permaximum
1296 2124 1354 2144 saec
1461 2115 1481 2143 6
1506 2114 1627 2153 magis]

297 2163 403 2192 maius
421 2161 466 2191 Ee
577 2172 598 2200 9
623 2160 712 2201 cum]
733 2170 807 2191 cum
825 2159 915 2199 quod
933 2158 979 2188 Ec
1092 2168 1128 2187 10
1153 2157 1231 2188 mihi
1251 2168 1315 2187 om.
1334 2156 1366 2187 E
1452 2157 1546 2187 cuius
1562 2156 1630 2187 Ee:

298 2216 371 2236 cum
390 2209 452 2236 cell.
560 2214 594 2235 11
625 2209 716 2235 recte
733 2203 826 2234 Nokz
854 2207 946 2232 recto
964 2205 1027 2232 fell.
1120 2201 1387 2240 proponitur5'1
1412 2202 1631 2240 praeponitur

298 2254 525 2289 (proponatur
546 2249 596 2289 χ’)
618 2252 683 2279 cetl.
823 2248 861 2277 16
885 2255 961 2276 esse
978 2256 1043 2276 0111.
1064 2255 1084 2274 n
1234 2255 1274 2274 ρο
1299 2244 1419 2274 sactum
1434 2248 1533 2283 atquc
1551 2254 1629 2273 con-

296 2291 406 2323 silium
427 2292 456 2323 E
589 2302 627 2322 ΩΙ
656 2291 736 2322 mihi
754 2290 819 2322 Ee:
845 2301 910 2321 0711.
929 2293 995 2319 cell.
1131 2289 1172 2318 26
1197 2288 1229 2318 in
1248 2288 1322 2318 loco
1342 2298 1406 2318 om.
1430 2298 1450 2317 n
1540 2288 1629 2319 dictu

297 2334 378 2367 idE

1652 805 1690 828 10

1655 1131 1689 1161 15

1651 1455 1691 1477 20
