1747 2620
198 73 225 103 Ο

202 749 225 788 7

185 802 223 832 18

249 79 286 113 17
614 67 669 103 M.
702 66 871 103 TVLLI
901 65 1210 105 CICERONIS

246 178 410 216 modum
441 190 513 216 nos
543 176 804 224 defendimus,
828 176 1050 217 Caesennia
1070 178 1237 216 fundum
1268 177 1444 228 possedit
1474 179 1574 218 loca-

244 241 403 293 vitque3
442 256 572 292 neque
602 242 655 281 ita
682 244 808 281 multo
838 250 927 293 post
957 245 1005 282 A.
1029 241 1225 282 Caecinae
1246 243 1391 293 nupsit.
1451 245 1505 282 Vt
1534 243 1573 281 in

244 322 370 359 pauca
407 309 618 354 conseram,
654 316 890 346 testamento
929 309 1034 347 facto
1074 308 1212 346 mulier
1252 307 1442 357 moritur3
1483 308 1575 347 facit

244 374 431 412 heredem
458 388 505 412 ex
531 374 686 412 deunce
711 381 749 412 et
777 373 980 412 semuncia
1001 373 1231 421 Caecinam,
1251 387 1298 412 ex
1318 374 1473 412 duabus
1495 388 1575 412 sex-

245 438 334 477 tulis
357 440 412 476 M.
438 437 672 486 Fulcinium,
696 438 880 477 libertum
910 438 1120 488 superioris
1140 438 1220 486 viri,
1244 438 1418 477 Aebutio
1446 446 1574 478 sextu·
1595 451 1612 483 5

244 505 321 542 lam
369 503 549 554 aspergit.
628 505 748 542 Hanc
788 505 980 542 sextulam
1020 503 1085 541 illa
1124 505 1348 543 mercedem
1388 502 1450 542 isti
1489 517 1575 542 esse

243 569 366 608 voluit
412 568 659 608 adsiduitatis
698 576 737 608 et
775 568 979 607 molestiae
1018 567 1051 606 si
1089 581 1210 618 quam
1259 576 1428 619 ceperat.
1493 570 1574 607 Iste

242 642 375 673 autem
409 636 483 673 hac
515 636 664 673 sextula
703 647 744 673 se
774 647 912 673 ansam
943 633 1110 673 retinere
1142 634 1321 672 omnium
1354 641 1574 673 controver-

243 700 387 739 siarum
409 708 531 751 putat.

299 767 383 804 Iam
405 765 599 816 principio
628 779 746 804 ausus
771 773 828 804 est
853 765 983 804 dicere
1013 779 1094 804 non
1125 778 1241 816 posse
1271 766 1459 805 heredem
1488 779 1574 804 esse
1596 777 1633 799 10

244 830 489 871 Caesenniae
518 830 743 877 Caecinam,
774 832 883 880 quod
910 830 941 869 is
973 830 1166 870 deteriore
1200 830 1283 869 iure
1317 838 1419 870 esset
1453 845 1572 882 quam

243 896 361 935 ceteri
381 895 485 934 cives
506 903 664 946 propter
688 895 989 934 incommodum
1010 897 1357 935 Volaterranorum
1378 895 1573 935 calamita-

243 969 402 1012 temque
432 961 597 1000 civilem.
659 962 799 1011 Itaque
830 962 951 999 homo
981 960 1143 1000 timidus
1177 960 1472 1012 imperitusque,
1503 961 1572 1012 qui

243 1041 372 1077 neque
401 1026 522 1065 animi
551 1039 682 1077 neque
711 1025 851 1064 consili
878 1025 971 1065 satis
997 1027 1170 1074 haberet,
1193 1040 1275 1065 non
1304 1026 1456 1077 putavit
1484 1041 1571 1066 esse

243 1092 339 1131 tanti
356 1092 614 1131 hereditatem
629 1099 672 1130 ut
689 1092 739 1130 de
756 1091 912 1130 civitate
926 1091 966 1130 in
983 1091 1150 1131 dubium
1166 1091 1314 1130 veniret
1329 1106 1342 1141 3
1359 1092 1566 1141 concessit,
1593 1105 1631 1137 15

242 1159 371 1205 credo,
406 1157 590 1204 Aebutio,
623 1164 815 1207 quantum
850 1158 966 1195 vellet
1005 1158 1055 1196 de
1090 1157 1336 1197 Caesenniae
1374 1157 1489 1196 bonis
1528 1166 1571 1197 ut

243 1224 414 1262 haberet.
476 1225 617 1269 Immo,
645 1229 687 1260 ut
714 1222 795 1260 viro
824 1222 913 1261 forti
942 1235 988 1261 ac
1018 1221 1184 1272 sapienti
1214 1222 1377 1273 dignum
1407 1223 1489 1270 fuit,
1518 1223 1573 1262 ita

187 1303 225 1336 19
244 1288 482 1328 calumniam
503 1287 788 1337 stultitiamque
809 1286 891 1326 eius
917 1286 1076 1326 obtrivit
1096 1301 1142 1326 ac
1163 1287 1355 1328 contudit.
1416 1290 1464 1327 In
1485 1303 1572 1340 pos-

243 1354 417 1393 sessione
447 1354 643 1392 bonorum
674 1366 764 1390 cum
798 1360 911 1400 esset,
945 1359 983 1390 et
1013 1365 1103 1390 curn
1135 1352 1208 1391 iste
1236 1354 1428 1392 sextulam
1458 1367 1569 1393 suam

244 1419 408 1457 nimium
439 1425 695 1469 exaggeraret,
721 1417 881 1455 nomine
903 1417 1057 1456 heredis
1087 1417 1276 1456 arbitrum
1298 1418 1468 1458 familiae
1488 1421 1571 1458 her·
1591 1432 1632 1453 20

242 1484 453 1524 ciscundae
468 1482 689 1534 postulavit.
728 1484 860 1532 Atque
882 1482 955 1520 illis
976 1482 1111 1532 paucis
1129 1482 1281 1530 diebus,
1298 1491 1435 1533 postea
1451 1498 1570 1534 quam

242 1549 347 1589 videt
371 1549 468 1588 nihil
495 1562 535 1587 se
559 1549 609 1587 ab
634 1551 682 1587 A.
706 1547 877 1588 Caecina
898 1561 1014 1597 posse
1040 1547 1167 1585 litium
1197 1555 1341 1587 terrore
1369 1550 1569 1599 abradere,

242 1614 393 1653 homini
416 1616 570 1653 Romae
590 1615 629 1652 in
651 1615 735 1652 foro
757 1614 964 1651 denuntiat
987 1613 1153 1651 fundum
1177 1614 1285 1651 illum
1307 1615 1358 1653 de
1379 1628 1459 1665 quo
1479 1624 1571 1655 ante

242 1679 331 1726 dixi,
368 1679 479 1718 cuius
518 1679 634 1717 istum
675 1686 893 1729 emptorem
927 1679 1191 1717 demonstravi
1227 1678 1345 1717 fuisse
1379 1682 1569 1719 mandatu

243 1745 497 1792 Caesenniae,
534 1758 648 1783 suum
688 1757 772 1782 esse
811 1757 976 1793 seseque
1015 1743 1088 1782 sibi
1128 1743 1279 1783 emisse.
1340 1745 1448 1794 Quid
1482 1746 1629 1789 ais?²5

242 1810 352 1850 istius
372 1811 435 1850 ille
455 1812 600 1849 fundus
628 1817 686 1848 est
709 1823 827 1860 quem
855 1809 939 1847 sine
966 1811 1045 1847 ulla
1069 1810 1333 1849 controversia
1362 1812 1568 1861 quadrien-

242 1875 363 1923 nium,
386 1877 462 1914 hoc
489 1883 546 1914 est
571 1889 617 1914 ex
647 1888 726 1925 quo
754 1882 931 1924 tempore
962 1875 1107 1913 fundus
1135 1875 1266 1923 veniit,
1299 1877 1431 1926 quoad
1461 1877 1565 1926 vixit,

285 1990 305 2010 2
328 1979 372 2010 ita
389 1990 453 2010 om.
479 1980 508 2012 T
601 1992 620 2020 4
645 1981 832 2012 semiuncia
851 1980 929 2019 Μμσ
1033 1983 1054 2012 6
1079 1992 1153 2012 esse
1171 1992 1235 2012 om.
1261 1982 1289 2013 T
1390 1993 1406 2021 7
1433 1988 1570 2023 ceperat

248 2022 322 2054 TE:
347 2029 544 2064 susceperat
560 2028 625 2055 cett.
792 2026 811 2055 8
838 2023 972 2064 ansam]
990 2035 1091 2056 ansas
1115 2025 1158 2056 T:
1184 2036 1318 2056 causam
1334 2026 1364 2058 ς
1531 2037 1568 2067 15

242 2067 326 2098 tanti
353 2077 431 2098 esse
455 2068 486 2099 ς’
659 2070 698 2100 16
714 2068 796 2109 sort.
823 2074 858 2099 ut
886 2068 1025 2099 haberet
1053 2070 1094 2099 de
1122 2069 1334 2101 Caesenniae
1364 2070 1471 2102 bonis.
1521 2071 1568 2110 Cf.

242 2109 407 2150 Zielinski,
432 2116 466 2151 p.
490 2113 550 2143 166
727 2113 765 2143 18
789 2112 862 2144 eius
894 2111 971 2143 TE:
1008 2123 1074 2143 om.
1103 2116 1166 2144 cett.
1301 2113 1357 2154 ae]
1389 2119 1421 2145 et
1446 2125 1462 2145 e
1492 2125 1568 2154 pos-

241 2155 393 2186 sessione
425 2156 456 2192 k,
488 2156 534 2188 ed.
574 2157 622 2187 V:
661 2157 893 2197 possessiones
924 2158 986 2186 cett.
1149 2167 1187 2196 19
1210 2156 1275 2187 iste
1309 2157 1456 2188 Sclzic'tz:
1494 2158 1568 2197 ipse

241 2198 328 2230 codd.
430 2209 468 2229 21
497 2200 579 2242 illis]
599 2200 655 2232 ille
673 2201 721 2232 eis
740 2200 836 2231 Klotz
949 2208 989 2238 23
1015 2198 1249 2239 homini]sort.
1268 2201 1366 2231 homo
1385 2200 1415 2232 ei
1526 2211 1567 2240 24

242 2243 398 2274 mandato
415 2242 464 2273 c¹k
604 2254 645 2284 25
669 2254 811 2284 seseque
837 2242 913 2275 TE:
937 2252 1041 2283 seque
1062 2247 1128 2274 cett.
1235 2244 1283 2275 ais
1307 2244 1386 2275 TE:
1409 2244 1483 2284 agis
1499 2249 1564 2277 cett.

243 2287 284 2316 26
308 2287 421 2327 istius]
439 2292 518 2320 tuus
535 2288 708 2320 Hotoman
871 2297 911 2326 27
938 2286 999 2317 hoc
1022 2292 1074 2318 est
1096 2298 1163 2318 om.
1189 2286 1326 2327 T(s0rt.
1346 2287 1410 2319 hoc
1433 2293 1508 2319 est.
1530 2312 1537 2320 .
1558 2312 1564 2319 .

243 2330 346 2362 veniit
360 2330 551 2373 delendum)
642 2332 735 2363 venit
758 2331 798 2362 Te
