1747 2620
146 83 200 110 20

221 79 264 118 64
586 76 641 112 M.
674 75 841 111 TVLLI
875 74 1180 113 CICERONIS

222 192 280 223 est
300 193 366 224 aut
391 187 433 225 C.
454 185 647 235 Aquilius,
672 185 756 223 talis
778 185 843 232 vir,
869 185 1014 223 iuratus
1035 186 1111 223 hoc
1133 185 1191 223 ius
1216 184 1255 223 in
1280 184 1435 223 civitate
1459 197 1548 223 con-

222 250 380 289 stituat:
411 251 522 290 cuius
548 259 775 302 procurator
802 265 883 289 non
912 250 1045 288 omnia
1069 250 1214 288 iudicia
1240 251 1417 299 acceperl'l
1449 263 1549 299 quae

222 315 389 365 quisque
423 315 463 354 in
491 316 610 354 verba
648 315 866 366 postularit,
902 315 1011 353 cuius
1047 322 1273 365 procurator
1311 329 1334 352 a
1372 322 1550 364 praetore

223 380 400 419 tribunos
429 383 626 431 appellare
654 394 772 419 ausus
803 380 861 428 sit,
894 395 985 419 eum
1016 394 1097 418 non
1126 380 1299 426 defendi,
1331 379 1413 418 eius
1444 380 1549 418 bona

223 453 327 484 recte
352 445 544 496 possideri
569 460 695 496 posse,
720 447 755 484 ei
782 445 936 492 misero,
959 445 1124 491 absenti,
1148 445 1282 495 ignaro
1306 447 1548 483 fortunarum
1567 460 1586 491 5

223 526 379 551 suarum
411 512 544 551 omnia
572 512 674 552 vitae
708 521 938 552 ornamenta
974 527 1041 563 per
1074 526 1272 551 summum
1308 514 1481 551 dedecus
1512 520 1550 551 et

163 583 204 625 65
223 576 479 627 ignominiam
518 578 642 628 deripi
682 578 904 617 convenire.
977 580 1097 627 Quod
1137 577 1168 616 si
1206 577 1362 629 probari
1401 577 1549 616 nemini

159 1149 204 1176 21

159 1198 201 1231 66

222 650 363 693 potest,
392 642 488 682 illud
519 651 622 682 certe
650 643 805 694 probari
835 643 1021 682 omnibus
1053 657 1212 682 necesse
1242 651 1309 690 est,
1341 645 1547 682 defensum

222 722 308 747 esse
336 706 482 747 iudicio
510 709 716 747 absentem
747 708 991 757 Quinctium.
1053 709 1175 757 Quod
1210 722 1300 746 cum
1330 709 1382 746 ita
1411 707 1469 755 sit,
1502 722 1548 746 ex

222 774 354 811 edicto
379 774 484 812 bona
511 787 690 824 possessa
716 788 796 812 non
825 781 925 812 sunt.
985 776 1037 812 At
1059 773 1163 812 enim
1186 773 1331 811 tribuni
1352 773 1478 823 plebis
1498 787 1548 812 ne

221 839 429 877 audierunt
449 838 621 889 quidem.
682 840 834 885 Fateor,
857 838 888 877 si
910 839 961 877 ita
983 847 1056 888 est>
1075 847 1367 890 procuratorem
1388 840 1548 878 decreto

221 904 406 954 praetoris
446 904 665 954 oportuisse
703 918 848 954 parere.
908 903 1049 953 Quid?
1087 903 1117 942 si
1158 906 1215 942 M.
1254 906 1397 942 Brutus
1436 903 1549 943 inter-

221 983 421 1008 cessurum
452 984 492 1008 se
527 969 623 1009 dixit
655 971 795 1020 palam,
828 968 901 1008 nisi
934 971 1029 1019 quid
1065 971 1164 1008 inter
1198 969 1326 1019 ipsum
1360 970 1547 1007 Alfenum

221 1042 260 1073 et
295 1036 490 1075 Naevium
524 1036 766 1083 conveniret,
795 1035 1004 1075 videturne
1036 1035 1303 1074 intercessisse
1335 1035 1547 1085 appellatio

223 1093 467 1139 tribunorum
496 1114 576 1140 non
604 1114 747 1148 morae,
774 1102 845 1140 sed
870 1100 986 1140 auxili
1015 1102 1161 1140 causa?

277 1165 386 1216 Quid
412 1167 557 1205 deinde
584 1167 660 1204 fit?
716 1167 892 1214 Alfenus,
916 1174 957 1205 ut
980 1180 1117 1205 omnes
1138 1166 1363 1216 intellegere
1388 1173 1548 1216 possent

221 1231 367 1271 iudicio
388 1232 548 1271 defendi
565 1232 808 1281 Quinctium,
833 1245 882 1270 ne
903 1246 980 1282 qua
1001 1232 1163 1271 subesse
1180 1239 1313 1282 posset
1334 1230 1462 1269 aliena
1481 1238 1547 1269 aut

220 1296 340 1347 ipsius
365 1296 493 1336 officio
520 1305 587 1335 aut
616 1296 732 1336 huius
762 1296 1048 1335 existimatione
1077 1296 1260 1346 suspicio,
1287 1296 1389 1334 viros
1420 1296 1547 1335 bonos

219 1362 430 1412 compluris
472 1364 649 1409 advocat,
694 1370 855 1400 testatur
896 1361 970 1401 isto
1011 1361 1196 1401 audiente
1244 1375 1285 1400 se
1333 1375 1403 1411 pro
1444 1375 1547 1399 com-

220 1426 329 1466 muni
367 1429 658 1466 necessitudine
698 1428 737 1465 id
776 1426 946 1478 primum
986 1435 1118 1477 petere
1151 1441 1202 1466 ne
1241 1426 1338 1477 quid
1377 1425 1545 1465 atrocius

220 1491 262 1531 in
288 1494 329 1531 P.
358 1492 588 1541 Quinctium
616 1494 821 1531 absentem
852 1492 935 1531 sine
966 1506 1083 1531 causa
1112 1494 1238 1531 facere
1269 1500 1456 1541 conetur3
1486 1491 1545 1530 sin

219 1566 353 1597 autem
367 1558 634 1597 inimicissime
648 1566 766 1608 atque
787 1557 1037 1596 infestissime
1059 1559 1298 1597 contendere
1312 1565 1543 1608 perseveret,

220 1637 263 1662 se
278 1631 453 1673 paratum
475 1638 559 1662 csse
581 1623 689 1662 omni
710 1632 815 1663 recta
835 1632 952 1674 atque
974 1625 1140 1662 honesta
1160 1623 1310 1662 ratione
1331 1624 1544 1662 defendere

220 1689 328 1737 quod
357 1695 463 1738 petat
485 1702 565 1727 non
585 1687 747 1736 deberi;
777 1702 818 1727 se
840 1687 1029 1727 iudicium
1051 1688 1090 1726 id
1112 1689 1220 1739 quod
1233 1690 1332 1727 xedat
1353 1688 1541 1739 accipere.

221 1753 315 1792 Eius
350 1754 402 1792 rei
438 1754 763 1804 condicionisque
802 1755 965 1793 tabellas
1005 1754 1309 1805 obsignaverunt
1344 1753 1413 1792 viri
1448 1753 1543 1793 botai

218 1820 449 1869 complures.
511 1821 592 1858 Res
619 1818 658 1857 in
684 1818 851 1857 dubium
872 1819 1003 1858 venire
1029 1833 1112 1858 non
1139 1827 1279 1869 potest.
1339 1820 1400 1857 Fit
1428 1819 1544 1858 rebus

219 1883 403 1923 omnibus
434 1883 589 1934 integris
625 1898 754 1934 neque
787 1885 1015 1934 proscriptis
1046 1897 1176 1934 neque
1209 1884 1399 1934 possessis
1428 1884 1545 1923 bonis

218 1956 259 1986 ut
294 1950 457 1987 Alfenus
494 1950 693 1999 promittat
729 1951 881 1990 Naevio
920 1949 1001 1988 sisti
1036 1950 1279 1999 Quinctium.
1340 1951 1459 1990 Venit
1493 1951 1544 1988 ad

218 2015 486 2052 vadimonium
529 2014 750 2063 Quinctius.
822 2017 930 2054 Iacet
974 2029 1036 2054 res
1077 2014 1119 2055 in
1157 2015 1431 2055 controversiis
1468 2017 1545 2054 isto

262 2129 280 2147 2
306 2117 391 2158 non]
408 2129 473 2148 nou
495 2118 655 2149 recusarit
673 2118 702 2149 ς’
784 2118 953 2158 acceperit
970 2119 1074 2158 suppl.
1094 2117 1284 2159 Naugerius
1304 2118 1353 2160 (1)
1444 2130 1463 2157 4
1490 2119 1545 2150 tri-

219 2161 316 2191 bunis
334 2165 376 2192 E:
402 2162 443 2192 ad
463 2162 612 2192 tribunos
631 2162 660 2193 εἴ
794 2172 810 2200 7
837 2162 936 2201 diripi
954 2162 1042 2193 codd.
1061 2173 1067 2192 ε
1097 2172 1175 2193 corr.
1194 2162 1329 2193 Ernesti
1455 2174 1477 2202 9
1501 2163 1545 2193 sit

218 2205 327 2235 Paris.
347 2214 448 2244 7774:
475 2211 526 2236 cst
544 2209 609 2236 cell.
743 2215 779 2236 12
805 2205 969 2245 praetoris
986 2205 1068 2236 0¹⁶5:
1094 2206 1261 2245 praetoris
1279 2206 1425 2237 Romani
1446 2207 1484 2245 (r.
1504 2207 1540 2245 χ)

218 2252 282 2279 cell.
374 2249 462 2287 quod
481 2249 507 2278 si
526 2252 549 2279 Σ
671 2259 705 2287 ¹5
730 2259 844 2280 morae
860 2248 1050 2289 Naugerius
1071 2247 1116 2286 (m
1138 2260 1145 2279 ε
1170 2259 1262 2280 more
1281 2252 1403 2285 (morte
1420 2251 1456 2289 Σ)
1476 2253 1541 2281 cett.

224 2301 260 2331 19
285 2296 448 2323 testantur
464 2292 507 2330 bf(
654 2303 690 2329 2⁴
720 2291 827 2332 petat]
847 2297 926 2331 peto
945 2303 981 2323 ac
1001 2297 1023 2323 Σ
1144 2293 1233 2332 quod
1250 2294 1327 2323 edat
1343 2293 1429 2324 Bs‘:
1454 2293 1543 2333 quod

221 2336 300 2376 (quo
317 2348 354 2374 X)
375 2336 472 2367 dedat
492 2335 647 2371 idederat
659 2335 705 2375 b¹)
728 2339 792 2366 cell.
904 2336 947 2366 26
969 2335 1021 2377 fit]
1043 2336 1079 2366 fit
1096 2336 1143 2367 sic
1160 2336 1193 2367 Β
1335 2348 1377 2373 29
1401 2337 1487 2368 iacet
1503 2336 1544 2374 P,

219 2379 383 2420 .¹1ngeli1cs
398 2391 404 2410 ι
429 2384 515 2410 tacet
533 2382 598 2410 cett.

1569 785 1609 809 10

1569 1113 1605 1145 15

1568 1440 1607 1461 20

1566 1768 1604 1801 25
