1716 2662
420 83 530 122 PRO
561 85 608 121 A.
641 83 892 122 CAECINA
922 82 1139 120 ORATIO
1390 81 1444 126 36
1470 96 1527 126 ¹04

117 196 195 235 vim
226 209 268 235 se
301 195 529 236 hominibus
559 194 717 234 armatis
750 194 888 234 fecisse
923 195 1096 241 fateatur,
1123 193 1244 232 verbo
1275 206 1326 239 se,
1363 205 1444 231 non

117 261 324 311 aequitate,
357 262 570 300 defendere
601 268 775 308 conetur,
799 259 839 298 id
869 272 1028 310 quoque
1058 258 1093 297 ei
1122 258 1286 297 verbum
1313 257 1442 308 ipsum

117 334 293 376 ereptum
319 340 404 365 esse
423 325 598 373 videatis,
621 326 891 364 auctoritatem
919 323 1297 375 sapientissimorum
1321 323 1444 361 homi-

117 404 213 429 num
256 392 382 430 facere
430 390 649 437 nobiscum,
692 390 733 428 in
775 389 965 428 iudicium
1015 402 1097 427 non
1141 388 1273 427 venire
1311 395 1442 426 utrum

80 457 163 500 5A.
205 456 378 496 Caecina
414 455 632 507 possederit
671 468 810 502 necne,
850 462 982 492 tamen
1023 453 1156 492 doceri
1195 453 1443 503 possedisse3

117 523 242 560 multo
273 521 391 560 etiam
422 521 550 559 minus
581 522 713 571 quaeri
745 523 791 558 A.
819 519 1014 559 Caecinae
1051 520 1196 557 fundus
1226 518 1274 557 sit
1303 531 1439 564 necne,

116 600 179 625 me
203 595 335 626 tamen
359 587 400 626 id
420 587 549 637 ipsum
576 586 769 633 docuisse,
793 586 959 623 fundum
989 597 1074 623 esse
1102 583 1320 623 Caecinae:
1350 597 1440 621 cum

115 653 212 690 haec
244 652 298 691 ita
327 637 423 699 sint,⁴
453 651 610 690 statuite
642 651 738 701 quid
773 664 842 689 vos
876 658 1054 700 tempora
1088 649 1140 687 rei
1175 648 1356 699 publicae
1390 649 1438 688 d<>

115 717 271 756 armatis
298 717 536 764 hominibus,
564 717 660 767 quid
688 716 790 754 illius
814 715 1010 754 confessio
1038 716 1088 753 de
1112 714 1159 761 vi,
1186 713 1282 764 quid
1310 721 1442 752 nostra

59 795 97 817 10
115 783 264 822 decisio
285 784 334 822 de
353 783 563 834 aequitate,
587 782 683 833 quid
704 782 801 820 ratio
827 780 1022 820 interdicti
1044 782 1094 819 de
1119 780 1200 819 iure
1228 781 1440 819 admoneat

114 855 155 886 ut
175 847 365 887 iudicetis.

157 962 176 991 3
202 952 377 991 dereptum
395 951 500 982 M¹ec:
527 952 695 991 direptum
713 955 778 983 cett.
799 962 805 981 ι
831 960 908 981 corr.
929 949 975 981 ed.
998 949 1030 979 V
1121 949 1274 989 videatis,
1296 949 1442 979 videatis

114 995 226 1026 Keller
285 996 365 1035 foti.
385 996 618 1026 auctoritatem
642 1000 754 1026 autem
925 1005 943 1031 4
970 993 1080 1024 facere
1104 1004 1168 1025 om.
1195 993 1224 1024 T
1351 1002 1370 1031 5
1396 993 1439 1023 A.

119 1039 166 1069 T:
189 1050 254 1070 om.
275 1043 339 1071 cett.
452 1040 564 1069 doceri
580 1039 611 1077 k,
628 1038 821 1078 Naugerius
841 1038 888 1077 Ἴ)
906 1049 912 1068 :
937 1038 1058 1068 docere
1071 1040 1137 1068 cett.
1293 1037 1315 1067 6
1339 1036 1440 1067 etiarn

114 1082 306 1122 Naugerius
322 1083 372 1121 (τ)
391 1095 398 1114 :
422 1083 488 1113 iam
505 1081 594 1114 codd.
685 1082 800 1121 quaeri
817 1082 858 1120 ς,
876 1080 1041 1122 Angelius
1057 1091 1064 1111 :
1087 1080 1219 1120 quaerit
1237 1083 1301 1111 cett.
1402 1089 1443 1111 10

112 1127 292 1157 admoneat
318 1126 408 1158 Tes‘:
434 1126 636 1157 admoneant
652 1128 718 1157 cell.
