1716 2662
469 77 579 115 PRO
610 77 655 116 C.
689 78 927 116 RABIRIO
958 78 1175 116 ORATIO
1438 89 1481 117 12
1509 94 1545 127 3²

646 225 1000 263 FRAGMENTA

212 303 246 343 (a
268 302 450 334 Niebuhrio
467 313 510 334 ex
527 303 558 334 Ρ
572 304 671 343 edita,
693 303 929 344 supplementa
947 309 1024 336 sunt
1043 305 1229 345 Niebuhrii,
1250 305 1313 337 nisi
1331 305 1429 337 aliter

687 348 868 378 indicatum
888 350 952 389 est)

1509 399 1550 426 12

212 433 278 453 *ie*
299 425 390 456 aret.
453 420 593 469 Itaque
620 432 700 457 non
727 428 886 459 senatus
919 419 958 458 in
990 434 1035 459 ea
1066 434 1183 459 causa
1213 423 1489 471 cognoscenda
1512 460 1550 492 32

118 496 220 528 5me
266 492 407 533 agente
450 483 674 534 diligentior
715 492 782 523 aut
826 484 1098 524 inclementior
1148 486 1218 525 fuit
1262 500 1380 537 quam
1420 500 1489 525 vos

156 548 336 596 universi,
360 556 451 587 cum
472 549 576 587 orbis
601 557 724 588 terrae
744 549 1061 590 distributionem
1088 559 1208 601 atque
1230 551 1338 589 illum
1360 551 1487 603 ipsum

155 627 290 664 agrum
314 615 563 664 Campanum
583 615 740 663 animis,
761 615 953 663 manibus,
980 616 1144 654 vocibus
1167 618 1446 666 repudiavistis.

212 681 324 718 Idem
360 693 434 730 ego
467 681 576 730 quod
611 680 642 718 is
675 681 742 730 qui
777 689 913 719 auctor
947 682 1063 720 huius
1097 682 1230 721 iudicii
1262 689 1317 721 est
1347 685 1486 732 clamo,
1510 694 1550 726 33

156 745 353 796 praedico,
388 745 594 784 denuntio.
662 747 803 784 Nullus
831 754 889 785 est
925 747 1095 797 reliquus
1132 762 1206 796 rex,
1241 750 1347 787 nulla
1380 763 1486 800 gens,

97 825 138 849 10
156 812 263 850 nulla
310 810 419 849 natio
468 824 588 861 quam
641 812 949 862 pertimescatis
1008 815 1159 852 nullum
1208 814 1486 863 adventicium,

156 878 307 915 nullum
338 883 565 914 extraneum
595 878 743 915 malum
774 885 831 916 est
859 880 965 927 quod
993 879 1190 917 insinuare
1221 878 1260 917 in
1288 880 1386 918 hanc
1412 894 1489 918 rem

147 942 339 992 publicam
359 941 492 991 possit.
553 941 591 980 Si
622 943 875 980 immortalem
908 944 1009 981 hanc
1042 943 1235 983 civitatem
1266 958 1338 982 esse
1362 945 1486 992 voltis,

155 1005 185 1043 si
209 1014 409 1044 aeternum
434 1008 501 1045 hoc
528 1006 746 1057 imperium,
771 1007 802 1045 si
827 1009 991 1057 gloriam
1019 1008 1297 1058 sempiternam
1325 1023 1487 1056 manere,

156 1070 270 1110 nobis
298 1084 321 1110 a
346 1071 486 1110 nostris
505 1071 792 1121 cupiditatibus,
815 1086 837 1111 a
869 1073 1096 1112 turbulentis
1125 1074 1353 1113 hominibus
1377 1080 1490 1124 atque

98 1152 134 1184 15
156 1149 339 1175 novarum
375 1150 501 1176 rerum
535 1139 693 1187 cupidis,
727 1139 775 1176 ab
812 1140 1003 1177 intestinis
1043 1141 1165 1187 malis,
1202 1154 1225 1179 a
1262 1140 1489 1179 domesticis

154 1203 330 1241 consiliis
371 1210 429 1242 est
472 1204 704 1242 cavendum.
786 1203 910 1243 Hisce
957 1212 1090 1243 autem
1142 1208 1258 1244 malis
1304 1219 1488 1255 magnum
1511 1220 1549 1250 34

154 1270 390 1320 praesidinm
426 1269 532 1308 vobis
574 1269 740 1309 maiores
782 1272 906 1309 vestri
944 1271 1193 1322 reliquerunt,
1228 1285 1351 1310 vocem
1384 1273 1488 1311 illam

153 1336 353 1374 consulis:
399 1335 489 1385 ‘qui
520 1349 598 1373 rem
623 1337 819 1386 publicam
857 1337 1002 1375 salvam
1035 1350 1120 1376 esse
1153 1338 1312 1376 vellent)
1381 1337 1489 1376 Huic

154 1400 240 1439 voci
272 1401 402 1447 favete,
438 1400 619 1449 Quirites,
654 1414 768 1450 neque
798 1409 926 1440 vestro
958 1403 1104 1441 iudicio
1132 1402 1363 1441 abstuleritis
1394 1401 1489 1440 mihi

95 1479 136 1501 20
155 1496 161 1504 .
190 1497 197 1504 .
231 1497 238 1505 .
273 1497 279 1504 .
309 1496 315 1504 .
344 1496 351 1504 .
376 1479 505 1516 neque
527 1466 745 1516 eripueritis
767 1468 1009 1517 reipublicae
1029 1481 1139 1517 spem
1160 1467 1358 1514 libertatis,
1381 1474 1488 1516 spem

154 1531 297 1578 salutis,
315 1545 423 1582 spem
438 1531 646 1581 dignitatis.
686 1533 795 1581 Quid
799 1533 986 1581 facerem,
1005 1533 1034 1571 si
1051 1535 1097 1571 T.
1118 1532 1317 1572 Labienus
1331 1534 1486 1572 caedem
1508 1548 1547 1580 35

153 1596 296 1635 civium
314 1596 470 1645 fecisset
500 1604 541 1634 ut
573 1598 616 1634 L.
649 1598 890 1644 Saturninus,
919 1599 949 1635 si
981 1610 1174 1636 carcerem
1206 1598 1432 1647 refregisset,
1456 1597 1487 1636 si

153 1661 389 1712 Capitolium
419 1676 500 1700 cnm
530 1663 695 1700 armatis
725 1662 1008 1712 occupavisset?
1050 1663 1237 1701 Facerem
1257 1664 1352 1701 idem
1381 1662 1487 1711 qnod

152 1727 196 1765 C.
222 1726 370 1765 Marius
392 1727 486 1774 fecit,
510 1728 563 1765 ad
592 1734 771 1765 senatum
796 1728 993 1777 referrem,
1019 1740 1086 1766 vos
1113 1728 1164 1766 ad
1186 1741 1266 1766 rem
1287 1727 1486 1778 publicam

94 1808 129 1839 25
151 1792 428 1841 defendendam
475 1794 707 1839 cohortarer,
750 1800 920 1831 armatus
969 1794 1046 1843 ipse
1090 1792 1294 1831 vobiscum
1342 1798 1488 1830 armato

151 1857 392 1896 obsisterem.
451 1859 571 1895 Mmc
603 1859 791 1907 quoniam
827 1871 1025 1896 armorum
1064 1857 1236 1908 suspicio
1270 1859 1377 1896 nulla
1414 1865 1483 1904 est,

151 1923 227 1960 tela
258 1936 338 1960 non
369 1922 495 1968 video,
529 1936 607 1960 non
639 1922 705 1970 vis,
739 1937 818 1961 non
863 1924 1018 1970 caedes,
1049 1937 1129 1961 non
1162 1923 1333 1973 Capitoli
1366 1930 1486 1973 atque

151 1987 249 2024 arcis
279 1988 455 2026 obsessio
486 1994 554 2033 est,
578 1988 647 2026 sed
677 1987 876 2026 accusatio
910 1987 1138 2038 perniciosa,
1165 1987 1352 2026 iudicium
1383 2001 1485 2026 acer-

153 2052 259 2099 bum,
282 2066 340 2090 res
371 2060 451 2090 tota
481 2065 503 2090 a
527 2052 685 2091 tribuno
715 2054 767 2102 pl.
790 2061 971 2103 suscepta
997 2060 1133 2091 contra
1164 2066 1243 2091 rem
1270 2052 1481 2103 publicam,

93 2131 135 2162 30
154 2129 232 2155 non
260 2130 328 2155 vos
357 2118 407 2156 ad
436 2130 544 2155 arma
571 2120 763 2156 vocandos
791 2131 876 2166 esse,
897 2131 1027 2156 veram
1059 2119 1109 2156 ad
1140 2117 1320 2168 suffragia
1348 2119 1484 2157 cohor-

195 2230 214 2259 5
239 2220 419 2258 diligenter
438 2219 489 2250 P:
515 2230 592 2250 corr.
611 2219 761 2250 Niebuhr
922 2231 959 2260 13
984 2221 1047 2251 hoc
1065 2220 1170 2261 suppl.
1189 2220 1288 2251 Klotz
1444 2221 1482 2251 18

152 2263 276 2293 vellent
294 2263 399 2293 Halm
418 2275 424 2294 :
449 2263 516 2294 volt
533 2263 681 2294 Niebuhr
798 2275 836 2304 19
861 2264 986 2305 neque]
1008 2275 1093 2295 neve
1111 2266 1189 2294 coni.
1209 2264 1317 2294 Halm
1385 2264 1480 2304 mihi]

104 2345 107 2348 .
152 2307 217 2336 vim
236 2307 382 2337 consulis
403 2306 508 2346 suppl.
530 2305 638 2336 Halm
783 2318 824 2346 23
850 2308 936 2338 idem
955 2307 1062 2338 Ilalm
1081 2320 1087 2338 :
1113 2308 1145 2338 id
1162 2306 1310 2338 Niebuhr
1438 2317 1483 2349 30

151 2350 320 2381 vocandos
339 2359 412 2381 esse
431 2360 545 2381 verum
563 2349 670 2381 Halm
687 2362 693 2381 :
717 2352 886 2382 vocandos
905 2351 984 2382 mihi
1003 2361 1078 2383 esse
1095 2352 1155 2383 sed
1173 2351 1322 2383 Niebuhr
