1716 2662
357 76 429 112 DE
463 74 607 111 LEGE
640 73 894 110 AGRARIA
927 72 1143 112 ORATIO
1177 73 1240 109 111
1437 79 1517 116 311

137 199 256 226 ausus
285 194 342 226 est
371 194 422 232 ut,
448 187 555 236 quod
578 186 744 236 quisque
766 194 853 236 post
876 184 1047 223 Marium
1069 192 1105 221 et
1128 184 1352 223 Carbonem
1375 194 1465 220 con-

139 253 241 290 sules
276 250 504 302 possideret,
529 251 568 288 id
600 263 647 289 eo
680 250 761 289 iure
793 257 941 288 teneret
974 262 1047 299 quo
1076 249 1185 299 quod
1214 247 1366 298 optimo
1395 245 1466 296 pri-

139 325 271 356 vatum
310 318 391 354 est?
460 316 645 354 Etiamne
684 315 714 354 si
750 315 786 353 vi
821 314 974 361 deiecit,
1013 313 1184 352 etiamne
1219 312 1250 350 si
1285 313 1397 359 clam,
1435 310 1466 350 si

141 381 314 432 precario
336 381 442 419 venit
473 381 511 418 in
542 379 864 431 possessionem?
934 381 1037 429 Ergo
1059 380 1133 417 hac
1155 380 1240 428 lege
1261 378 1320 416 ius
1341 377 1463 425 civile,

103 464 121 496 5
140 461 281 486 causae
310 446 615 497 possessionum,
640 453 861 495 praetorum
890 444 1096 483 interdicta
1118 445 1312 482 tollentur.
1373 444 1465 482 Non
1489 455 1523 477 12

141 512 349 551 mediocris
371 525 429 550 res
451 525 580 561 neque
597 524 759 561 parvum
780 510 854 548 sub
876 512 953 548 hoc
969 510 1089 548 verbo
1106 511 1265 556 furtum,
1280 508 1464 558 Quirites,

139 579 241 616 latet.
303 578 402 615 Sunt
437 576 543 615 enim
576 576 687 614 multi
721 576 801 626 agri
834 576 918 625 lege
955 574 1138 613 Cornelia
1174 574 1363 624 publicati
1393 587 1467 612 nec

138 642 323 692 cuiquam
353 641 547 692 adsignati
583 654 712 691 neque
743 640 891 679 venditi
923 639 990 690 qui
1020 653 1043 678 a
1073 640 1208 690 paucis
1239 639 1466 678 hominibus

139 706 480 758 impudentissime
510 706 770 757 possidentur.
835 705 911 743 His
944 713 1066 753 cavet,
1090 706 1162 744 hos
1184 704 1371 751 defendit,
1395 706 1467 744 hos

81 791 119 814 10
139 773 308 824 privatos
329 772 445 820 facit;
476 773 562 817 hos,
584 771 757 821 inquam,
784 784 895 821 agros
927 784 1026 821 quos
1054 771 1160 809 Sulla
1190 770 1337 808 nemini
1359 769 1467 808 dedit

141 838 280 876 Rullus
316 850 396 875 non
425 836 537 874 vobis
577 836 782 886 adsignare
815 837 906 883 volt,
945 837 1014 874 sed
1050 836 1104 874 eis
1139 836 1365 874 condonare
1401 835 1468 885 qni

108 916 114 918 ⁷
138 903 352 954 possident.
412 903 582 941 Causam
613 915 758 952 quaero
791 916 859 940 cur
889 915 935 941 ea
969 915 1069 951 quae
1099 900 1265 939 maiores
1287 900 1398 939 vobis
1428 901 1467 938 in

140 967 263 1018 Italia,
297 966 436 1013 Sicilia,
470 967 614 1013 Africa,
647 968 800 1006 duabus
838 966 1054 1017 Hispaniis,
1092 965 1341 1013 Macedonia,
1372 966 1468 1004 Asia

139 1033 377 1083 reliquerunt
399 1032 530 1071 venire
558 1031 772 1082 patiamini,
800 1045 890 1069 cum
922 1045 967 1069 ea
993 1044 1093 1080 quae
1114 1038 1241 1069 vestra
1267 1038 1357 1069 sunt
1377 1043 1467 1069 con-

81 1115 116 1147 15
139 1098 277 1137 donari
316 1098 606 1148 possessoribus
647 1098 786 1135 eadem
832 1098 916 1146 lege
960 1095 1134 1134 videatis.
1202 1095 1297 1134 'Iam
1344 1103 1465 1134 totam
1490 1107 1527 1137 13

138 1165 264 1214 legem
295 1163 537 1213 intellegetis,
562 1176 652 1201 cum
673 1164 724 1201 ad
746 1175 960 1212 paucorum
984 1161 1297 1200 dominationem
1325 1162 1465 1212 scripta

138 1229 196 1275 sit,
220 1238 303 1267 tum
333 1230 384 1267 ad
415 1230 596 1267 Sullanae
625 1227 906 1279 adsignationis
935 1226 1104 1265 rationes
1135 1240 1220 1265 esse
1245 1240 1467 1266 accommo-

138 1294 391 1333 datissimam.
464 1295 568 1332 Nam
609 1307 719 1332 socer
754 1293 870 1331 huius
909 1292 964 1331 vir
1006 1293 1172 1330 multum
1213 1292 1342 1330 bonus
1381 1301 1465 1341 est;

138 1375 268 1412 neque
295 1375 367 1412 ego
401 1373 506 1398 nunc
545 1360 597 1397 de
640 1358 742 1396 illius
773 1357 961 1405 bonitate,
995 1358 1066 1396 sed
1099 1358 1149 1396 de
1180 1357 1311 1407 generi
1343 1357 1465 1407 impu-

77 1444 119 1466 20
138 1428 273 1466 dentia
301 1427 471 1478 disputo.
533 1427 604 1464 Ille
625 1424 730 1463 enim
753 1424 862 1473 quod
890 1423 1009 1461 habet
1040 1422 1206 1461 retinere
1226 1424 1305 1460 volt
1335 1436 1464 1472 neque
1481 1435 1508 1472 4

139 1506 180 1531 se
201 1494 404 1531 Sullanum
426 1505 511 1530 esse
533 1490 752 1529 dissimulat
768 1504 777 1537 3
807 1488 883 1535 hie,
905 1496 947 1525 ut
977 1487 1060 1538 ipse
1090 1488 1233 1526 habeat
1254 1489 1362 1538 quod
1383 1502 1464 1527 non

138 1558 268 1605 habet,
298 1571 399 1608 quae
426 1556 548 1596 dubia
574 1562 665 1594 sunt
695 1568 762 1605 per
792 1566 861 1592 vos
888 1552 1038 1592 sancire
1068 1554 1146 1590 volt
1174 1560 1221 1598 et,
1254 1566 1344 1590 cum
1376 1554 1463 1603 plus

137 1631 296 1674 appetat
317 1637 435 1673 quam
463 1622 546 1673 ipse
567 1622 685 1667 Sulla,
708 1619 852 1670 quibus
886 1619 1002 1657 rebus
1027 1617 1175 1664 resisto,
1198 1619 1375 1656 Sullanas
1402 1632 1462 1657 res

137 1690 351 1728 defendere
371 1702 427 1727 me
446 1687 682 1727 criminatur.
733 1688 742 1705 ‘'
760 1687 894 1723 Habet
914 1697 1026 1734 agros
1047 1697 1127 1722 non
1149 1684 1301 1730 nullos‚'
1322 1683 1458 1733 inquit,
1485 1700 1524 1731 14

78 1769 116 1801 25
139 1758 275 1794 ‘socer
308 1768 417 1794 meus
450 1756 625 1793 desertos
661 1760 779 1801 atque
812 1749 1048 1800 longinquos
1064 1764 1073 1796 3
1101 1750 1246 1787 vendet
1277 1762 1344 1787 eos
1375 1762 1462 1788 mea

138 1822 222 1871 lege
243 1820 378 1871 quanti
399 1821 514 1859 volet.
575 1818 710 1856 Habet
742 1816 910 1854 incertos
931 1827 976 1853 ac
997 1815 1106 1852 nullo
1137 1814 1217 1852 iure
1238 1827 1439 1865 possessos
1450 1828 1462 1862 ;

185 1937 198 1956 1
225 1924 418 1957 consulibus
434 1924 482 1954 Ee
591 1934 610 1953 2
636 1923 786 1963 possidet
803 1920 891 1952 codd.
912 1933 918 1951 :
949 1931 1027 1951 corr.
1048 1918 1183 1949 Ernesti
1265 1929 1331 1958 quo
1349 1919 1404 1958 qui
1422 1919 1463 1949 k:

138 1970 226 2010 quod
243 1974 308 2000 cell.
328 1981 336 2000 ι
359 1980 437 2000 corr.
457 1968 503 2000 ed.
524 1967 658 1998 Ascens.
795 1975 814 2004 3
838 1970 890 1996 cst
906 1963 1012 2003 suppl.
1031 1962 1143 1993 Basta·
1229 1962 1327 1992 eiecit
1349 1961 1437 1993 codd.
1456 1973 1464 1992 τ

138 2024 213 2044 corr.
234 2012 424 2043 Lambinus
544 2011 572 2041 si
592 2011 676 2041 clam
698 2011 724 2040 si
743 2009 826 2049 Lag.
846 2019 866 2047 9
883 2020 889 2038 ε
914 2008 940 2038 si
960 2007 1022 2048 *assic
1039 2006 1120 2039 Eek]
1139 2006 1204 2036 iam
1221 2007 1248 2035 si
1270 2009 1348 2042 (om.
1367 2006 1394 2036 si
1412 2004 1461 2045 N)

139 2062 203 2088 cell.
349 2058 370 2086 6
393 2056 517 2086 furtum
535 2056 565 2093 k,
581 2054 626 2084 cd.
644 2054 678 2084 R
696 2065 702 2084 z
730 2053 874 2084 futurum
892 2055 955 2082 cell.
1111 2060 1126 2088 7
1152 2059 1261 2087 neque
1278 2047 1465 2078 Lambinus

137 2112 159 2140 9
182 2100 343 2131 desendet
359 2099 404 2129 Ee
560 2108 593 2128 11
622 2108 687 2127 non
714 2097 825 2127 verbis
849 2095 943 2133 Eexn
1102 2103 1139 2123 12
1162 2092 1311 2132 causam]
1337 2102 1374 2122 ac
1398 2092 1463 2122 iam

139 2143 280 2183 Madmgr
412 2153 449 2181 13
474 2142 588 2172 Africa
606 2140 672 2171 Ee:
697 2152 760 2170 om.
779 2144 845 2170 cett.
984 2147 1019 2175 14
1045 2137 1250 2176 reliquerunt
1268 2146 1336 2173 χιιι
1361 2146 1463 2174 qnae-

139 2189 288 2218 siverunt
305 2185 398 2224 Mae*
414 2198 420 2215 ε
444 2196 510 2216 om.
529 2184 576 2215 Ee
731 2185 769 2214 16
794 2181 980 2220 intelligitis
996 2180 1028 2210 E
1132 2180 1291 2218 scriptam
1309 2182 1377 2208 tum
1393 2178 1460 2209 cod.

145 2231 302 2261 ‘Ibrrcnlii
413 2239 449 2268 17
475 2227 811 2259 commodatissimam
828 2225 924 2264 Eexn
1042 2233 1079 2264 19
1103 2232 1230 2262 genere
1247 2221 1359 2253 vodda
1382 2232 1460 2252 corr.

140 2273 315 2304 Manutius
482 2282 523 2310 23
547 2271 682 2312 quibus]
702 2271 757 2310 qui
775 2270 826 2300 his
844 2268 972 2299 Richter
1132 2277 1172 2305 :24
1198 2275 1251 2296 me
1268 2264 1464 2297 criminatur·

91 2344 95 2347 .
139 2316 348 2347 Lambinus:
372 2316 532 2346 criminor
549 2313 637 2346 codd.

185 2382 246 2403 cre.
267 2381 309 2402 DE
328 2380 411 2402 LEGE
427 2379 508 2401 ΑΕΚ.
1340 2367 1378 2395 12
