1716 2662
504 84 563 120 IN
598 84 638 120 L.
673 82 922 121 PISONEM
957 82 1174 119 ORATIO
1458 90 1509 127 25
1530 99 1570 129 59

227 190 305 230 Sed
353 191 540 242 quoniam
586 190 792 240 praeteiita
836 198 984 228 mutare
1027 203 1107 227 non
1151 203 1372 240 possumus,
1414 173 1555 239 quid,2

174 263 300 294 cessat
321 256 383 294 hie
405 257 614 302 homullus,
639 270 684 293 ex
712 254 844 305 argilla
873 262 910 293 et
938 256 1021 293 luto
1050 256 1163 292 fictus
1189 254 1393 303 Epicurus,
1417 256 1509 293 dare
1530 236 1569 263 ³9

175 320 273 358 haec
305 322 503 370 praeclara
533 327 742 370 praecepta
777 319 991 369 sapientiae
1029 319 1246 357 clarissimo
1282 326 1321 357 et
1352 332 1508 358 summo

174 384 397 436 imperatori
417 399 562 436 genero
583 387 685 423 suo?
743 386 878 423 Fertur
902 383 966 422 ille
987 384 1053 431 vir,
1077 384 1174 422 mihi
1205 385 1331 426 crede,
1361 385 1509 435 gloria3

137 451 317 500 ,afiagran
357 452 468 489 ardet
507 450 723 500 cupiditate
763 449 852 487 iusti
889 457 926 487 et
967 448 1095 499 magni
1139 448 1339 499 triumphi.
1413 451 1505 488 Non

116 791 153 814 10

113 1440 153 1462 20

112 1765 149 1797 ²5

173 515 311 554 didicit
341 517 481 554 eadem
511 515 585 553 ista
619 528 719 564 quae
750 522 802 552 tu.
863 513 980 552 Mitte
1001 515 1052 552 ad
1074 527 1165 552 eum
1188 513 1364 552 libellum
1395 521 1443 560 et,
1474 514 1506 552 si

174 581 251 618 iam
282 581 365 631 ipse
398 594 531 619 coram
563 579 749 630 congredi
786 578 942 630 poteris,
973 578 1162 617 meditare
1200 578 1343 629 quibus
1377 578 1504 617 verbis

172 645 373 684 incensam
413 645 515 683 illius
547 644 805 694 cupiditatem
840 643 1077 694 comprimas
1117 652 1236 694 atque
1274 643 1500 694 restinguas.

171 710 334 749 Yalebis
367 711 475 761 apud
508 709 713 748 hominem
748 708 976 747 volitantem
1018 708 1162 759 gloriae
1201 708 1416 758 cupiditate
1448 708 1503 746 vir

173 777 397 815 moderatus
419 783 457 814 et
477 783 673 822 constans,
689 776 796 825 apud
818 774 1023 814 indoctum
1056 774 1241 822 eruditus,
1262 776 1368 826 apud
1387 789 1501 825 gene-

171 856 257 880 rum
292 855 412 880 socer.
486 838 606 879 Dices
642 840 759 888 enim,
796 848 838 878 ut
877 854 917 878 es
953 841 1075 878 honio
1105 841 1229 878 factus
1263 841 1314 879 ad
1349 854 1502 890 persua-

171 908 361 954 dendum,
400 905 630 952 concinnus,
667 907 873 956 perfectus,
912 905 1056 955 politus
1096 920 1142 944 ex
1181 906 1339 944 schola:
1384 905 1501 956 ‘quid

171 981 240 1020 est,
266 974 421 1020 Caesar,
445 972 553 1022 quod
578 979 616 1010 te
641 970 948 1022 supplicationes
981 970 1123 1010 totiens
1145 971 1221 1009 iam
1243 972 1423 1010 decretae
1444 978 1502 1009 tot

170 1037 323 1076 dierum
355 1044 465 1076 tanto
494 1050 612 1088 opere
642 1038 873 1075 delectent?
912 1035 952 1074 in
983 1035 1127 1086 quibus
1162 1035 1343 1075 homines
1375 1050 1501 1075 errore

171 1104 379 1150 ducuntur,
412 1116 510 1153 quas
541 1102 582 1141 di
613 1103 852 1152 neglegunt,
892 1101 971 1152 qui,
1006 1109 1048 1140 ut
1082 1110 1214 1140 noster
1245 1101 1400 1141 divinus
1439 1101 1502 1140 ille

171 1167 267 1207 dixit
297 1167 501 1218 Epicurus,
534 1181 664 1217 neque
694 1166 850 1216 propitii
883 1167 1066 1217 cuiquam
1100 1181 1184 1206 esse
1216 1168 1343 1206 solent
1372 1181 1502 1218 neque

172 1231 283 1271 irati!
339 1233 432 1270 Non
459 1231 577 1270 facies
605 1232 725 1269 fidem
746 1230 905 1279 scilicet,
930 1245 1020 1270 curn
1037 1233 1135 1270 haec
1157 1231 1402 1282 disputabi53
1432 1231 1502 1270 tibi

173 1297 279 1337 enim
306 1305 344 1336 et
371 1311 456 1336 esse
480 1305 518 1335 et
544 1296 663 1335 fuisse
684 1296 834 1336 videbit
862 1296 989 1336 iratos.
1052 1299 1190 1335 Vertes
1212 1305 1249 1335 te
1269 1298 1320 1336 ad
1339 1299 1500 1335 alteram
1523 1302 1565 1333 60

173 1364 375 1410 scholam;
403 1362 570 1401 disseres
599 1363 650 1401 de
682 1362 909 1413 triumpho:
944 1362 1062 1413 ‘quid
1095 1364 1255 1401 tandem
1282 1362 1402 1401 habet
1431 1362 1503 1401 iste

172 1441 316 1474 currus,
340 1427 435 1478 quid
457 1426 576 1465 vincti
597 1434 687 1465 ante
709 1440 863 1465 currum
887 1428 1019 1473 duces,
1046 1427 1140 1478 quid
1171 1427 1376 1466 simulacra
1395 1427 1503 1478 oppi-

170 1494 323 1540 dorum,
345 1492 442 1542 quid
461 1506 611 1539 aurum,
636 1491 732 1542 quid
755 1500 970 1541 argentum,
996 1492 1091 1542 quid
1124 1493 1237 1542 legati
1266 1493 1304 1530 in
1334 1493 1444 1543 equis
1465 1501 1504 1532 et

170 1557 326 1605 tribuni,
345 1557 440 1608 quid
462 1559 609 1596 clamor
632 1558 811 1607 militum,
833 1559 928 1609 quid
953 1567 1034 1597 tota
1058 1559 1121 1597 illa
1142 1561 1317 1610 pompa?
1365 1561 1504 1597 Inania

170 1630 260 1660 sunt
281 1622 363 1670 ista,
384 1622 479 1661 mihi
500 1625 627 1671 crede,
645 1624 933 1662 delectamenta
957 1638 1081 1674 paene
1104 1638 1324 1674 puerorum,
1347 1632 1502 1674 captare

170 1690 340 1738 plausus,
370 1688 459 1727 vehi
480 1702 548 1739 per
576 1689 727 1735 urbem,
750 1689 925 1740 conspici
954 1691 1062 1728 velle.
1125 1689 1280 1736 Quibus
1311 1703 1356 1727 ex
1386 1689 1502 1728 rebus

171 1753 267 1790 nihil
297 1761 354 1792 est
383 1755 491 1803 quod
515 1753 685 1792 solidum
715 1761 857 1801 tenere,
883 1754 978 1792 nihil
1011 1755 1117 1804 quod
1149 1755 1287 1792 referre
1316 1754 1367 1791 ad
1395 1754 1502 1791 volu·

170 1827 317 1869 ptatem
339 1819 511 1869 corporis
532 1819 668 1870 possis
730 1820 836 1869 Quin
865 1828 905 1858 tu
937 1834 1000 1859 nie
1023 1820 1130 1859 vides
1153 1819 1230 1870 qui,
1253 1834 1299 1857 ex
1320 1833 1396 1869 qua
1417 1832 1500 1869 pro·
1521 1822 1558 1853 61

169 1884 296 1923 vincia
329 1886 375 1923 T.
404 1884 658 1933 Flamininus,
695 1887 736 1923 L.
768 1887 923 1933 Paulus,
964 1887 1012 1934 Q.
1045 1887 1242 1932 Metellus,
1274 1886 1320 1922 T.
1346 1883 1498 1929 Didius,

337 1969 353 1983 V

213 2005 231 2024 2
256 1993 412 2024 humillus
434 1993 465 2023 V
536 1995 643 2025 sactus
664 1994 725 2033 Γψῐ
814 1995 976 2034 Epicurus
999 1995 1051 2035 VX
1070 2007 1076 2025 τ
1108 1995 1294 2033 Epicureus
1315 1997 1402 2024 cctt.:
1435 1993 1494 2025 dcl.

168 2035 294 2067 Miiller
463 2048 482 2076 3
508 2038 678 2077 praeclara
708 2037 815 2077 Vqssff':
850 2045 985 2078 paratae
1012 2039 1100 2069 clara
1124 2039 1233 2078 Eme:
1269 2042 1403 2078 paratae
1428 2040 1493 2067 cell.

169 2081 190 2110 6
214 2085 247 2111 et
264 2081 290 2110 si
309 2081 371 2111 iam
395 2080 444 2110 V:
475 2081 534 2111 sed
552 2080 616 2111 iam
636 2081 663 2111 si
681 2084 744 2111 cell.
924 2092 958 2111 11
988 2082 1094 2112 sactus
1116 2082 1170 2121 V¹,
1190 2082 1234 2111 A.
1256 2080 1472 2120 Augustinus
1489 2092 1496 2111 :

169 2123 296 2154 facetus
312 2128 378 2154 cell.
406 2124 510 2163 sus.)
672 2134 706 2162 13
732 2125 794 2154 iam
817 2124 865 2154 V:
889 2136 952 2156 (ml.
973 2129 1035 2156 cett.
1196 2134 1231 2163 ¹4
1257 2124 1426 2154 delectent
1446 2123 1495 2153 V:

170 2167 337 2197 delectant
356 2170 419 2198 cett.
538 2177 574 2206 15
600 2167 730 2198 divinus
751 2168 804 2197 ille
826 2168 873 2198 V:
900 2169 954 2198 ille
973 2169 1103 2198 divinus
1122 2172 1184 2199 cell.
1307 2169 1344 2197 18
1368 2167 1495 2196 videbit

169 2210 270 2240 iratos
292 2210 340 2240 V:
369 2211 450 2241 deos
467 2211 595 2241 videbis
612 2212 713 2241 iratos
730 2214 795 2244 cett.
945 2222 982 2250 19
1007 2213 1085 2242 iste'¹
1106 2212 1168 2242 iste
1186 2210 1398 2250 triumphalis
1415 2211 1491 2239 s'ns.

168 2264 206 2291 :24
233 2253 291 2292 cx]
309 2264 352 2283 cx
370 2264 388 2283 e
409 2254 440 2283 V
591 2256 633 2284 26
658 2255 810 2294 corporis
827 2266 891 2285 om.
911 2255 946 2285 N
1054 2255 1104 2295 tu]
1123 2259 1190 2285 tum
1213 2254 1244 2284 V
1388 2264 1426 2291 27
1454 2253 1491 2284 ’1“.

166 2308 232 2328 om.
255 2296 294 2326 l'¹
386 2298 550 2328 flaminius
566 2297 653 2328 codd.
673 2310 679 2328 ε
709 2310 787 2328 corr.
808 2297 983 2329 Manutius
