1716 2662
618 91 938 131 PRAEFATIO

173 200 304 239 Veni0
332 201 382 239 ad
412 201 585 250 syllogen
615 201 864 250 Poggianam‚
897 201 946 238 de
976 214 1052 250 qua
1083 200 1165 251 ipse
1201 202 1367 251 Poggius
1398 202 1437 241 in

116 266 256 304 litteris
286 265 337 304 ad
367 266 409 303 F.
442 265 657 303 Barbarum
691 278 797 304 anno
835 276 931 314 1417
969 266 1223 305 Constantiae
1254 266 1354 305 datis
1386 266 1439 306 ita

117 328 298 380 loquitur.

167 413 363 445 Orationum
385 413 459 444 volo
481 415 533 445 hic
555 413 726 454 exemplar
749 423 932 453 remanere,
959 419 1035 453 post
1059 415 1191 444 modum
1216 414 1267 445 vel
1293 414 1363 454 ipse
1385 413 1440 444 de·

119 457 234 497 seram,
254 458 308 488 vel
326 468 386 497 per
402 457 501 488 alium
519 459 560 488 ad
580 462 611 488 te
630 460 768 495 mittam,
787 458 886 497 idque
905 468 1000 497 quam
1018 457 1187 497 primum.¹

175 535 420 573 Thesaurum
463 535 568 573 misit
601 548 682 573 non
714 536 763 574 ad
799 535 1014 573 Barbarum
1045 536 1115 574 sed
1148 536 1199 574 ad
1231 536 1440 573 Nicolaum

121 599 341 647 Niccolum‚
367 599 434 650 qui
454 608 590 649 postea
609 600 751 639 librum
775 601 946 640 Barbaro
967 600 1151 651 permisit,
1174 602 1293 651 quod,
1311 601 1440 647 credo,

121 678 202 704 non
233 663 386 703 fecisset
418 664 491 703 nisi
520 665 859 704 transcribendum
890 667 929 704 in
959 679 1073 705 usum
1103 679 1216 704 suum
1247 665 1323 703 iam
1352 672 1443 703 ante

122 737 303 768 curasset.
350 732 468 768 Anno
494 743 592 780 1423
611 729 779 780 Poggius
796 744 819 768 a
838 730 1040 770 Britannia
1055 732 1175 770 redux
1191 731 1293 771 binis
1310 730 1443 769 litteris

121 795 172 833 ad
199 795 413 833 Barbarum
439 794 566 833 missis
595 795 774 834 codicem
810 809 923 834 suum
953 796 1161 846 flagitabat,
1185 797 1254 835 sed
1284 797 1443 835 frustra:

123 872 225 906 narn,
244 867 286 898 ut
299 859 362 907 ait,
384 863 392 879 ‘
405 862 466 898 ille
490 874 603 910 neque
619 863 812 911 respondet
825 875 938 911 neque
953 863 1091 900 librum
1107 863 1225 900 mittit
1236 863 1253 909 ²,
1277 861 1317 901 id
1338 863 1444 912 quod

123 939 236 976 aegre
257 925 343 964 tulit
365 927 544 976 Poggius,
569 926 635 976 qui
666 927 760 966 dicit
787 929 897 965 ‘amo
926 927 1023 965 enim
1053 928 1152 965 hunc
1174 928 1339 965 libellum
1367 934 1446 965 lum

116 997 276 1043 propter
300 993 433 1039 multa,
456 997 535 1029 lum
564 993 604 1030 in
625 992 768 1042 primis
792 993 884 1042 quia
910 998 1047 1042 egomet
1069 993 1203 1042 scrzpsi
1214 991 1232 1031 ¹.
1292 994 1328 1031 N
1333 992 1446 1031 icolai

126 1057 242 1095 etiam
266 1064 303 1095 et
324 1056 486 1095 Guarini
506 1056 690 1095 auxilium
713 1056 752 1095 in
774 1058 847 1096 hac
867 1070 907 1096 re
928 1057 1143 1107 poscebat.²
1198 1059 1317 1096 Anno
1348 1070 1447 1105 1424

126 1120 358 1160 Ambrosius
396 1121 724 1161 Camaldunensis
758 1122 797 1160 in
831 1121 997 1172 epistula
1028 1123 1078 1161 ad
1114 1121 1322 1160 Nicolaum
1357 1122 1448 1161 data

127 1185 222 1226 dicit
243 1187 292 1225 de
314 1187 486 1225 Barbaro
518 1188 728 1225 ‘orationes
753 1188 843 1225 illas
866 1202 889 1225 α
915 1187 1056 1236 Poggio
1081 1187 1122 1225 in
1157 1188 1367 1226 Germania
1397 1200 1449 1225 re-

119 1257 254 1303 pertas
273 1253 329 1289 ad
344 1258 377 1289 te
388 1258 508 1302 prope
526 1253 622 1291 diem
644 1253 845 1290 missurum
857 1253 1058 1302 pollicetur
1071 1253 1091 1290 ’.
1139 1253 1258 1291 Anno
1278 1251 1449 1302 denique

133 1319 242 1366 1436,
267 1315 298 1355 si
319 1330 444 1354 annus
472 1324 576 1356 recte
603 1318 776 1364 traditur,
800 1318 993 1356 orationes
1024 1315 1243 1366 sospitatori
1272 1329 1344 1355 suo
1368 1317 1450 1355 red-

128 1382 232 1422 didit
254 1382 447 1421 Barbarus
467 1395 558 1420 cum
578 1381 638 1420 his
659 1381 820 1420 litteris.³

179 1469 360 1501 Orationes
389 1469 461 1499 illas
491 1469 665 1499 Ciceronis
692 1479 774 1508 quas
801 1479 820 1499 a
848 1468 1027 1500 Germania
1053 1468 1085 1499 in
1117 1468 1247 1498 ltaliam
1273 1467 1384 1507 longo,
1416 1472 1451 1498 ut

131 1514 234 1552 aiunt,
258 1513 464 1552 postliminio
485 1513 646 1542 reduxisti
669 1513 710 1542 ab
732 1513 795 1542 illis
816 1512 992 1543 mensariis
1017 1512 1057 1542 de
1081 1512 1201 1550 quibus
1226 1511 1334 1542 fecisti
1361 1522 1450 1542 men-

131 1559 259 1588 tionem
279 1556 430 1595 recipies.
479 1555 575 1594 Quae
593 1556 656 1586 etsi
676 1556 804 1587 tardius
823 1557 863 1586 ad
886 1560 918 1586 te
941 1559 1197 1586 reverterentur
1213 1565 1310 1594 quam
1330 1555 1451 1585 voluis-

131 1611 198 1639 ses,
216 1600 278 1631 sibi
300 1599 396 1630 facile
414 1599 585 1638 ignosces;
612 1610 686 1630 nam
704 1609 778 1630 cum
798 1609 926 1629 mecum
945 1598 1153 1638 peregrinari
1176 1608 1241 1628 non
1260 1598 1448 1638 crederent,

131 1644 178 1675 sic
199 1644 232 1673 in
253 1643 336 1673 aede
357 1643 588 1682 Camenarum7
608 1648 644 1673 ut
661 1642 765 1681 aiunt,
785 1643 875 1682 apud
896 1653 948 1672 me
969 1652 1005 1672 se
1026 1646 1235 1681 receperant,
1253 1642 1346 1680 quasi
1369 1642 1452 1672 haec

132 1698 190 1719 sua
209 1686 417 1725 hospitalitas
432 1692 509 1717 tuae
527 1687 747 1717 Germanicae
767 1685 943 1725 legationis
961 1690 1215 1716 monumentum
1232 1685 1399 1724 quoddam
1418 1684 1452 1715 in

132 1736 331 1771 perpetuum
350 1739 426 1760 esse
443 1729 623 1760 debuisset.
670 1730 763 1761 Vale.
782 1730 935 1760 Venetiis
955 1728 1063 1768 1436.⁴

186 1806 274 1844 Alia
296 1806 470 1855 profecto
491 1806 588 1843 ratio
615 1811 673 1843 est
700 1803 920 1842 orationum
947 1804 997 1842 de
1024 1803 1166 1852 quibus
1197 1816 1302 1840 nunc
1329 1802 1453 1852 agitur

133 1878 251 1921 atque
273 1884 404 1909 earum
426 1883 521 1920 quas
550 1871 589 1907 in
615 1867 866 1909 Cluniacensi
893 1867 1061 1918 Poggius
1090 1867 1301 1906 invenerat.
1361 1868 1453 1907 Clu-

137 2024 226 2053 sunt,
243 2029 260 2049 e
281 2016 401 2056 quibus
420 2020 488 2046 tres
511 2013 596 2054 (liin)
618 2024 659 2043 cx
679 2012 752 2052 ipso
773 2015 796 2042 Σ
816 2011 1036 2052 transcriptos
1059 2021 1144 2051 esse,
1167 2011 1314 2050 quinque
1334 2010 1452 2051 ‘bedfgl

137 2062 261 2093 codicis
286 2064 308 2089 Σ
332 2059 517 2090 simillimos
543 2067 616 2087 esse
641 2055 806 2095 cognovi;
834 2061 990 2095 quattuor
1011 2055 1125 2093 (aelm)
1151 2054 1184 2084 in
1210 2055 1303 2085 Italia
1327 2054 1453 2085 exarati

138 2106 279 2136 candem
302 2103 370 2133 sere
389 2112 488 2141 quam
510 2112 530 2141 χ
553 2101 786 2131 recensionem
809 2100 979 2130 exhibent.
1030 2099 1149 2128 Restat
1170 2108 1256 2129 unus
1275 2098 1304 2138 k,
1329 2099 1370 2129 de
1389 2108 1454 2138 quo

139 2160 213 2180 mox
232 2147 418 2178 dicendum.

181 2192 190 2212 ¹
219 2189 374 2222 Classical
389 2188 524 2226 Revl'ew,
543 2188 608 2218 xiii.
626 2198 655 2226 p.
681 2196 738 2225 125

182 2235 193 2253 '2
223 2234 354 2266 Tonclli‚
373 2232 393 2262 i.
413 2243 467 2272 pp.
485 2243 535 2271 93.
556 2242 608 2271 95,
627 2232 678 2269 96,
701 2240 768 2261 100.

182 2277 194 2297 ³
218 2276 408 2314 Sabbadz'ni,
428 2277 645 2306 Centotrenta
663 2274 782 2304 lettere
799 2273 923 2303 inedite
942 2272 973 2303 di
992 2272 1042 2303 Fr.
1067 2271 1224 2310 Barbaro,
1245 2281 1275 2310 p.
1295 2271 1347 2309 84.

183 2320 196 2340 ⁴
220 2319 408 2352 Sabbadz'm'
423 2320 505 2359 1436
522 2328 634 2349 errore
652 2318 798 2358 positum
815 2326 878 2357 pro
899 2325 977 2356 1424
996 2315 1192 2354 suspicatur.

784 2384 807 2409 V
