1716 2662
232 73 344 112 PRO
375 73 425 122 Q.
458 72 665 111 ROSCIO
698 71 981 111 COMOEDO
1013 71 1232 110 ORA‘rio
1376 83 1403 120 4

68 199 194 234 TIQVE
215 199 249 226 51
273 199 446 226 PAREAT.
506 186 606 236 Quis
634 185 673 224 in
699 187 800 224 hanc
821 199 902 224 rem
924 184 995 223 fuit
1015 184 1187 223 arbiter?
1244 185 1404 222 Vtinam

68 253 100 291 is
121 252 283 303 quidem
311 254 465 291 Romae
486 254 616 291 esset!
676 252 829 288 Romae
859 258 926 288 est.
989 249 1150 288 Vtinam
1181 251 1335 289 adesset
1366 250 1405 287 in

69 317 243 357 iudicio!
301 319 440 356 Adest.
501 316 664 355 Vtinam
697 316 851 354 sederet
883 315 922 353 in
955 315 1121 354 consilio
1155 316 1198 355 C.
1228 315 1406 354 Pisonis!

71 384 163 434 Ipse
185 384 228 423 C.
254 383 345 422 Piso
366 391 436 422 est.
500 383 739 420 Eundemne
760 389 801 419 tu
823 380 1011 419 arbitrum
1032 388 1070 419 et
1091 380 1261 419 iudicem
1282 393 1407 419 sume-

30 459 49 494 5
70 448 171 488 bas?
200 447 331 488 eidem
358 457 398 488 et
428 447 623 486 infinitam
652 446 897 497 largitionem
930 446 1156 485 remittebas
1177 454 1214 485 et
1235 447 1406 485 eundem

71 513 112 552 in
142 513 459 563 angustissimam
479 513 688 551 formulam
710 512 933 562 sponsionis
954 512 1251 550 concludebas?
1308 511 1407 560 Quis

70 591 260 628 umquam
299 579 350 617 ad
387 577 587 625 arbitrum,
630 585 822 627 quantum
863 577 985 627 petiit,
1027 584 1179 615 tantum
1219 576 1409 615 abstulit?

71 646 230 692 Nemo3
259 652 451 694 quantum
482 643 587 682 enim
617 642 780 692 aequius
811 650 912 681 esset
943 642 1017 680 sibi
1046 642 1142 690 dari,
1163 641 1284 692 petiit.
1346 643 1407 680 De

70 722 151 760 quo
179 709 341 747 nomine
370 709 421 747 ad
445 708 633 747 arbitrum
655 707 781 755 adisti,
809 709 859 747 de
889 721 936 747 eo
965 709 1016 746 ad
1048 707 1218 746 iudicem
1243 707 1406 746 venisti!

14 787 52 810 ιο
72 773 203 813 Ceteri
232 787 321 811 cum
351 774 402 812 ad
431 773 603 812 iudicem
634 786 791 811 causam
821 772 1046 811 labefactari
1076 772 1404 819 animadvertunt,

70 839 121 876 ad
141 838 329 876 arbitrum
351 838 594 888 confugiunt,
613 837 677 876 hic
697 838 748 876 ab
768 837 913 876 arbitro
934 839 985 876 ad
1006 837 1176 876 iudicem
1199 836 1330 875 venire
1351 844 1408 874 est

71 905 212 941 ausus!
241 901 310 952 qui
344 916 434 940 cum
469 904 520 941 de
555 903 628 941 bac
659 902 828 952 pecunia
862 903 1081 940 tabularum
1113 903 1191 940 fide
1220 901 1407 940 arbitrum

72 967 251 1018 sumpsit,
274 967 461 1006 iudicavit
482 967 556 1006 sibi
577 967 787 1018 pecuniam
809 981 888 1006 non
911 966 1058 1006 deberi.

130 1034 215 1071 Iam
254 1033 358 1071 duae
397 1042 525 1083 partes
561 1046 702 1072 causae
736 1040 826 1071 sunt
862 1034 1089 1080 confectam
1129 1034 1409 1072 adnumerasse

15 1111 52 1143 15
72 1110 158 1136 sese
190 1104 317 1147 negat,
352 1111 569 1147 expensum
604 1097 738 1135 tulisse
774 1110 854 1135 non
884 1097 989 1144 dicit,
1022 1111 1113 1136 cum
1145 1098 1297 1136 tabulas
1330 1111 1409 1136 non

71 1161 219 1201 recitat.
281 1161 497 1212 Reliquum
533 1170 590 1200 est
624 1170 667 1200 ut
697 1161 925 1212 stipulatum
957 1175 998 1200 se
1028 1175 1112 1200 esse
1141 1162 1245 1201 dicat
1261 1177 1270 1210 3
1304 1175 1409 1212 prae-

72 1234 178 1266 terea
206 1226 314 1265 enim
334 1240 455 1278 quem
475 1228 527 1266 ad
548 1228 713 1266 modum
734 1234 879 1266 certam
903 1227 1112 1278 pecuniam
1134 1235 1266 1278 petere
1286 1227 1408 1278 possit

73 1306 155 1331 non
186 1291 348 1342 reperio.
407 1291 623 1342 Stipulatus
656 1305 697 1331 es
717 1316 770 1319 —
790 1291 872 1340 ubi,
893 1305 973 1342 quo
1004 1292 1082 1340 die,
1108 1305 1188 1343 quo
1219 1300 1406 1342 tempore,

73 1371 155 1408 quo
183 1359 418 1408 praesente?
447 1357 534 1407 quis
565 1359 829 1408 spopondisse
855 1371 917 1396 me
943 1357 1070 1396 dicit?
1124 1359 1267 1396 Nemo.
1328 1358 1408 1396 Hic

13 1435 55 1458 20
73 1436 148 1473 ego
177 1422 208 1461 si
240 1423 361 1461 finem
387 1422 530 1461 faciam
558 1422 730 1471 dicendi,
752 1422 846 1461 satis
868 1422 959 1461 fidei
981 1431 1019 1461 et
1040 1422 1264 1473 diligentiae
1285 1436 1406 1471 meae,

73 1487 166 1526 satis
199 1500 342 1525 causae
372 1493 410 1525 et
445 1488 745 1535 controversiae,
775 1487 868 1526 satis
898 1488 1088 1526 formulae
1119 1495 1157 1526 et
1192 1488 1406 1538 sponsioni,

72 1551 165 1591 satis
196 1551 315 1590 etiam
352 1551 474 1590 iudici
512 1551 652 1590 fecisse
684 1552 818 1591 videar
851 1565 920 1590 cur
958 1553 1178 1591 secundum
1218 1552 1407 1591 Roscium

73 1615 236 1656 iudicari
255 1617 410 1655 debeat.
472 1617 645 1656 Pecunia
665 1617 788 1667 petita
814 1625 871 1656 est
900 1625 1004 1656 certa
1018 1632 1029 1665 ;
1057 1631 1148 1655 cum
1170 1617 1280 1656 tertia
1300 1626 1408 1668 parte

74 1681 236 1733 sponsio
255 1683 358 1720 facta
377 1690 446 1721 est.
507 1684 622 1721 Haec
651 1682 821 1733 pecunia
847 1696 1010 1722 necesse
1040 1690 1098 1721 est
1126 1690 1193 1721 aut
1222 1684 1313 1721 data
1341 1691 1408 1721 aut

14 1759 56 1793 ²5
75 1760 246 1797 expensa
277 1748 355 1785 lata
386 1754 454 1785 aut
489 1746 674 1797 stipulata
705 1747 763 1785 sit.
825 1748 970 1786 Datam
1003 1761 1084 1786 non
1115 1760 1201 1785 esse
1236 1747 1407 1786 Fannius

74 1813 294 1858 confitetur,
327 1825 540 1862 expensam
578 1814 696 1850 latam
734 1825 817 1850 non
856 1825 941 1851 esse
974 1812 1132 1851 codices
1163 1812 1288 1850 Fanni
1317 1825 1408 1851 con-

75 1876 242 1923 firmant,
272 1875 497 1926 stipulatam
530 1890 611 1915 non
641 1890 727 1915 esse
755 1876 998 1915 taciturnitas
1028 1876 1185 1915 testium
1211 1877 1404 1916 concedit.

75 1941 184 1990 Quid
204 1954 295 1991 ergo
317 1943 404 1980 est?
444 1943 566 1991 Quod
587 1949 625 1981 et
645 1955 732 1980 reus
753 1941 784 1980 is
805 1949 864 1980 est
883 1941 947 1980 cui
967 1949 1005 1979 et
1024 1941 1192 1992 pecunia
1212 1942 1406 1981 levissima

121 2056 133 2076 1
161 2044 188 2075 si
214 2049 330 2084 pareat
355 2045 493 2084 scripsi:
526 2045 553 2075 si
583 2045 716 2085 peiores
745 2044 856 2076 codd.:
892 2045 920 2075 si
950 2050 1085 2084 pareret
1111 2045 1322 2076 Lambinus:
1357 2047 1405 2077 sic

74 2088 214 2128 petieris
237 2088 426 2118 Mommsen
456 2088 560 2129 (colon
585 2089 643 2120 litt.
671 2088 749 2119 mai.
775 2089 905 2128 scmfsz')
1076 2098 1094 2118 2
1119 2094 1181 2119 est.
1201 2089 1334 2120 Vtinam
1353 2091 1405 2121 ⁶5:

75 2137 139 2164 est.
199 2131 285 2162 Nam
319 2132 443 2162 utinam
479 2136 569 2163 ceta:
599 2133 683 2172 fort.
718 2136 772 2163 est
804 2142 902 2162 nunc.
972 2132 1109 2162 Vtinam
1271 2142 1291 2171 5
1315 2133 1403 2164 idem

77 2175 126 2213 (id
143 2179 195 2205 est
212 2174 245 2214 k)
265 2174 352 2205 codd.
371 2185 378 2204 z
402 2186 481 2206 corr.
501 2175 666 2216 Angelius
840 2185 857 2213 7
882 2175 979 2214 petiit
993 2176 1045 2206 ’ἴε
1067 2175 1151 2214 petit
1168 2179 1234 2206 ccli.
1384 2177 1404 2206 8

76 2218 148 2250 dari
165 2219 215 2250 ’ῖς
240 2218 310 2257 pari
329 2221 393 2249 cett.
462 2219 546 2258 petit
568 2219 678 2250 codd:
704 2229 784 2249 corr.
805 2217 981 2248 Manutius
1095 2228 1133 2248 10
1156 2219 1198 2257 ad
1217 2219 1358 2255 iudicem
1377 2223 1402 2249 Ω

79 2271 117 2300 13
144 2261 302 2292 indicavit
319 2261 509 2292 Lambinus
667 2273 704 2301 14
728 2262 940 2293 adulterasse
959 2260 1046 2292 codd.
1064 2272 1070 2291 ε
1093 2271 1171 2292 corr.
1193 2263 1405 2294 Cameram'us

77 2315 118 2344 23
143 2305 232 2346 cum]
257 2304 352 2335 cuius
374 2305 528 2335 Huschke
611 2306 614 2309 ’
674 2308 715 2337 28
741 2316 794 2337 res
817 2306 889 2336 eius
913 2309 964 2336 est
987 2304 1096 2337 codd:
1124 2316 1204 2338 corr.
1226 2306 1405 2337 Manutius

82 2349 125 2380 tui
145 2348 345 2379 Manutius:
370 2349 461 2379 cuius
480 2349 569 2380 codd.

1427 87 1462 109 12

1431 786 1467 817 13

1428 1297 1451 1334 5

1432 1373 1470 1403 14
