1747 2620
192 106 216 146 5

191 572 220 610 6

182 643 220 675 14

188 1267 223 1299 Ι5

242 113 277 145 13
602 101 658 138 M.
690 101 858 138 TVLLI
891 100 1197 140 CICERONIS

237 209 401 251 inveniri
436 224 554 250 nemo
586 211 714 262 potuit
749 211 817 261 qui
851 211 1076 262 intellegere
1107 219 1242 262 posset
1276 212 1372 262 quid
1407 212 1565 251 diceret.

240 277 332 314 Hoc
353 276 416 314 ille
437 285 566 315 utrum
589 276 817 315 insidiarum
839 290 956 315 causa
977 277 1121 323 fecerit,
1145 291 1193 315 an
1215 278 1292 315 1100
1318 290 1460 328 genere
1491 279 1570 316 elo-

237 342 422 392 quentiae
469 343 687 380 delectetur
727 342 871 380 nescio.
949 342 1137 389 Tametsi,
1180 343 1247 392 qui
1296 342 1490 381 acutiores
1530 343 1569 381 in

238 407 424 446 contione
445 413 643 453 steterant,
665 407 716 445 de
736 407 821 456 lege
841 406 989 456 agraria
1016 406 1151 446 nescio
1171 407 1268 457 quid
1289 407 1459 446 voluisse
1478 421 1569 446 eum

238 472 369 510 dicere
390 471 700 522 suspicabantur.
760 471 989 522 Aliquando
1017 473 1177 511 tandem
1200 486 1263 511 me
1284 472 1489 523 designato
1509 475 1570 511 lex

240 538 279 575 in
300 536 502 587 publicum
525 536 769 587 proponitur.
830 537 1080 576 Concurrunt
1102 537 1208 576 iussu
1230 551 1320 577 meo
1342 540 1470 588 plures
1489 551 1570 576 uno

240 610 417 652 tempore
439 602 594 648 librarii,
617 601 854 652 descriptam
876 604 1003 652 legem
1029 603 1080 640 ad
1106 616 1169 641 me
1195 603 1388 642 adferunt.
1449 602 1571 642 Omni

242 668 317 705 1100
347 667 496 705 ratione
520 667 632 705 vobis
663 668 895 706 confirmare
926 680 1099 717 possum,
1124 668 1309 717 Qui1·iteS‚
1333 669 1408 706 hoc
1437 668 1572 706 animo

242 746 304 770 me
337 733 388 770 ad
422 733 629 782 legendam
663 734 789 782 legem
826 734 1226 783 cognoscendamque
1261 733 1414 772 venisse
1450 740 1508 781 ut,
1540 732 1572 771 si

240 811 327 836 eam
355 797 466 836 vobis
496 799 841 837 accommodatam
863 806 981 848 atque
1009 798 1146 837 utilem
1174 812 1259 837 esse
1289 798 1568 848 intellegerem,

239 871 376 901 auctor
403 863 485 902 eius
513 871 631 913 atque
658 862 815 902 adiutor
841 876 978 902 essem.
1041 865 1133 902 Non
1156 863 1261 901 enim
1283 871 1421 902 natura
1442 877 1573 913 neque

240 928 409 967 discidio
448 942 577 979 neque
617 928 710 967 odio
750 928 906 979 penitus
946 928 1063 967 insito
1102 930 1250 967 bellum
1290 928 1425 968 nescio
1463 930 1572 979 quod

241 995 360 1033 habet
395 1002 620 1045 susceptum
653 995 880 1033 consulatus
911 1008 1000 1033 cum
1033 994 1245 1043 tribunatu,
1269 995 1360 1045 quia
1387 1008 1574 1046 persaepe

242 1060 437 1099 seditiosis
457 1068 577 1111 atque
599 1060 788 1111 improbis
811 1060 976 1098 tribunis
1002 1060 1127 1110 plebis
1153 1060 1247 1099 boni
1268 1068 1307 1099 et
1327 1062 1446 1100 fortes
1475 1074 1573 1099 con-

243 1127 345 1164 sules
373 1125 619 1172 obstiterunt,
644 1133 682 1164 et
708 1125 801 1175 quia
821 1125 878 1163 vis
908 1125 1117 1164 tribunicia
1138 1139 1218 1164 non
1240 1139 1457 1176 numquam
1484 1126 1570 1165 libi-

243 1190 324 1229 dini
356 1191 493 1229 restitit
524 1190 729 1229 consulari.
792 1192 885 1228 Non
915 1198 1157 1241 potestatum
1188 1190 1479 1238 dissimilitudo,
1503 1193 1572 1230 sed

243 1256 465 1294 animorum
488 1255 701 1294 disiunctio
722 1255 1011 1294 dissensionem
1034 1256 1136 1294 facit.
1188 1257 1329 1306 Itaque
1349 1257 1425 1294 hoc
1441 1256 1575 1294 animo

244 1323 369 1372 legem
391 1321 539 1372 sumpsi
562 1321 600 1359 in
624 1335 762 1360 manus
785 1329 826 1359 ut
848 1335 934 1360 eam
957 1335 1141 1372 cuperem
1172 1335 1258 1360 esse
1282 1329 1414 1371 aptam
1436 1322 1576 1360 vestris

243 1387 465 1426 commodis
487 1394 524 1425 et
545 1387 628 1425 eius
650 1386 759 1425 modi
780 1400 898 1437 quam
916 1389 1054 1425 consul
1076 1401 1127 1434 re,
1149 1401 1229 1425 non
1251 1387 1428 1426 oratione
1448 1401 1573 1438 popu-

244 1452 331 1490 laris
361 1460 399 1491 et
424 1454 589 1491 honeste
619 1460 656 1491 et
681 1452 848 1491 libenter
868 1461 1001 1503 posset
1022 1454 1248 1492 defendere.
1307 1456 1440 1503 Atque
1460 1467 1533 1503 ego
1553 1467 1574 1492 a

243 1518 370 1568 primo
402 1518 530 1568 capite
562 1518 657 1568 legis
692 1531 817 1568 usque
852 1520 903 1557 ad
939 1526 1155 1557 extremum
1192 1532 1357 1569 reper1o,
1389 1509 1574 1568 Quirites,

244 1583 340 1622 nihil
379 1583 485 1623 aliud
520 1583 746 1634 cogitatum,
779 1583 877 1622 1111111
916 1584 1023 1623 aliud
1065 1592 1304 1634 susceptum,
1339 1583 1435 1622 1111111
1470 1584 1576 1623 aliud

243 1657 374 1688 actum
413 1649 486 1687 nisi
523 1649 576 1688 uti
614 1662 640 1687 X
679 1663 787 1700 reges
826 1649 958 1696 aerari,
994 1649 1256 1699 vectigalium,
1288 1649 1575 1700 provinciarum

243 1714 433 1761 omnium,
472 1715 591 1752 totius
627 1713 679 1752 rei
716 1705 909 1764 publicae,
949 1728 1168 1764 regnorum,
1208 1714 1418 1763 liberorum
1450 1728 1574 1765 popu—

245 1782 382 1827 lorum,
404 1779 508 1817 orbis
530 1778 702 1829 denique
733 1786 919 1818 terrarum
946 1780 1097 1818 domini
1129 1780 1459 1830 constituerentur
1480 1780 1575 1830 legis

243 1845 413 1895 agrariae
433 1844 684 1882 simulatione
712 1851 830 1894 atque
858 1843 1030 1883 nomine.
1082 1845 1145 1883 Sic
1167 1846 1369 1892 confirmo,
1390 1844 1574 1894 Quirites,

244 1912 318 1948 hac
349 1911 433 1959 lege
464 1908 611 1959 agraria
645 1910 808 1959 pulchr'a
841 1917 961 1959 atque
1002 1910 1179 1960 populari
1210 1909 1291 1949 dari
1324 1910 1435 1948 vobis
1466 1910 1574 1956 nihil,

244 1974 459 2014 condonari
493 1973 606 2013 certis
642 1973 870 2012 hominibus
906 1974 1049 2023 omnia,
1086 1975 1272 2014 ostentari
1304 1976 1453 2026 populo
1494 1976 1574 2014 Ro-

287 2091 306 2112 2
332 2080 388 2111 ille
404 2091 469 2112 om.
491 2081 522 2111 E
625 2091 645 2119 3
671 2085 778 2110 tamen
798 2080 825 2110 si
844 2079 933 2111 codd.
950 2091 956 2110 ε
980 2090 1058 2110 corr.
1081 2077 1271 2110 Lambinus
1359 2081 1413 2119 qui
1432 2081 1575 2120 proximi

243 2125 445 2156 adstiterant
456 2125 572 2155 nescio
586 2124 666 2164 quid
681 2123 773 2154 illum
786 2124 827 2154 de
839 2123 914 2163 lege
927 2123 1061 2162 agraria
1073 2122 1220 2154 voluisse
1234 2124 1348 2155 dicere
1361 2123 1500 2163 Quintil.
1509 2125 1574 2156 viii.

243 2180 273 2207 4.
286 2169 327 2199 28
394 2178 414 2207 5
438 2169 574 2199 tandem
593 2166 660 2198 Een
679 2178 686 2198 τ
710 2173 821 2199 tamen
840 2171 905 2198 cett.
1001 2177 1018 2205 7
1043 2178 1061 2197 a
1079 2177 1131 2197 me
1149 2166 1258 2206 legem
1278 2166 1309 2197 E
1400 2169 1420 2197 8
1445 2168 1576 2198 ratione

246 2212 340 2242 vobis
351 2210 451 2242 EeN:
476 2212 572 2242 vobis
590 2211 720 2242 ratione
737 2214 802 2243 cett.
866 2209 1017 2249 Quirites
1034 2220 1099 2241 om.
1118 2209 1155 2240 N
1216 2211 1328 2241 animo
1343 2209 1449 2241 Eew²o
1464 2221 1471 2241 :
1487 2221 1577 2241 anno

244 2260 307 2287 cett.
437 2266 473 2286 12
498 2254 655 2295 discidio]
674 2255 784 2285 studio
801 2253 885 2295 Lag.
906 2263 927 2294 9
1030 2254 1110 2284 odio
1126 2252 1219 2286 ω’ῑος
1235 2266 1243 2285 :
1267 2254 1336 2285 otio
1353 2258 1418 2285 cett.
1538 2264 1576 2293 13

244 2298 337 2339 quia]
354 2298 413 2329 sed
430 2298 507 2337 quia
523 2297 712 2329 Lambinus
890 2308 929 2336 19
954 2296 1127 2337 popularis
1149 2296 1199 2337 et]
1221 2297 1373 2338 populari
1394 2298 1452 2333 ''g-is
1467 2298 1498 2338 c)
1515 2298 1575 2329 sed

244 2341 312 2376 Ee:
338 2341 511 2383 popularis
528 2346 560 2372 et
577 2342 640 2372 iam
660 2340 698 2372 N
827 2350 869 2372 20
892 2340 982 2380 atqui
1001 2340 1181 2372 Manutius

1596 815 1632 836 10

1597 1466 1636 1489 20
