1716 2662
109 452 127 484 5

376 69 450 106 DE
482 68 628 107 LEGE
660 69 917 106 AGRARIA
948 69 1165 108 ORATIO
1197 70 1237 106 11
1421 69 1476 116 36
1498 82 1560 108 100

148 179 316 219 maxime
337 179 404 231 qui
428 193 508 219 non
536 180 575 219 in
604 179 820 228 cunabulis,
844 181 914 219 sed
941 179 980 218 in
1011 193 1152 230 campo
1183 186 1273 219 sunt
1293 181 1475 219 consules

147 246 248 284 facti.
309 245 415 284 Nulli
438 247 587 297 populo
615 247 799 284 Romano
829 258 900 296 pro
925 259 987 284 me
1015 244 1183 284 maiores
1206 245 1281 284 mei
1304 258 1476 296 spopon-

146 312 312 359 derunt;
343 311 437 349 mihi
467 311 660 351 creditum
690 318 774 358 est;
801 325 824 350 a
853 324 916 350 me
946 318 1078 362 petere
1108 312 1215 362 quod
1246 311 1386 358 debeo,
1410 324 1473 349 me

147 376 271 427 ipsun·
296 377 493 427 appellare
514 375 678 416 debetis.
740 378 871 426 Quem
891 378 942 416 ad
964 377 1139 423 modum,
1163 390 1254 415 cum
1274 375 1474 426 petebam,

147 441 243 480 nulli
264 454 327 480 me
348 441 459 480 vobis
488 449 668 481 auctores
698 441 849 492 generis
879 441 954 481 mei
979 442 1320 487 commendarunt,
1345 440 1409 487 sic,
1443 439 1473 478 si

145 505 242 560 quid
263 506 477 558 deliquero,
497 508 627 546 nullae
647 515 738 545 sunt
754 507 943 557 imagines
960 520 1061 557 quae
1082 521 1145 546 me
1165 520 1189 545 a
1208 506 1320 544 vobis
1340 507 1474 556 depre-

145 579 293 610 centur.
353 573 444 621 Qua
471 586 520 620 re,
544 573 665 611 modo
686 571 783 610 mihi
803 571 882 610 vita
911 579 1104 622 suppetat,
1126 584 1245 622 quam
1271 585 1344 621 ego
1370 584 1475 609 cona·
1493 578 1544 617 37

144 638 213 674 bor
229 638 280 676 ab
302 635 462 676 istorum
493 639 638 676 scelere
665 637 896 688 insidiisque
926 638 1150 684 defendere,
1183 635 1370 687 polliceor
1398 637 1475 674 hoc

146 702 271 751 vobis,
293 702 476 752 Quirites,
499 703 606 742 bona
636 704 737 742 fide:
768 717 849 742 rem
878 702 1079 754 publicam
1107 701 1280 753 vigilanti
1310 701 1473 749 homini,

90 778 225 806 Ionon
257 767 408 816 timido,
431 766 619 819 diligenti,
643 781 717 806 non
737 769 887 818 zgwavo,
909 767 1172 807 commisistis.
1224 769 1310 818 Ego
1329 781 1413 805 sum
1442 766 1473 806 is
1499 782 1553 804 101

89 1105 126 1138 15

69 1423 126 1459 '20

145 834 283 871 consul
318 832 383 883 qui
419 832 647 873 contionem
677 841 863 881 metuam,
899 833 966 884 qui
1001 833 1202 872 tribunum
1232 832 1358 883 plebis
1392 846 1474 883 per-

146 899 379 947 horrescam,
403 898 470 949 qui
498 912 614 950 saepe
644 906 682 938 et
711 898 795 938 sine
823 912 940 937 causa
968 899 1194 946 tumultuer,
1215 897 1282 948 qui
1312 897 1472 936 timeam

145 976 195 1002 ne
225 963 321 1001 mihi
351 962 391 1002 in
421 977 574 1003 carcere
601 963 862 1003 habitandum
884 963 943 1011 sit,
965 962 996 1002 si
1024 963 1204 1002 tribunus
1225 962 1351 1013 plebis
1381 961 1471 1001 duci

146 1028 320 1067 iusserit?
354 1030 438 1080 Ego
453 1042 545 1068 cum
559 1028 694 1068 vestris
707 1028 824 1068 armis
837 1036 1008 1068 armatus
1021 1029 1102 1076 sim,
1118 1027 1294 1079 imperio,
1310 1027 1474 1066 auctori-

147 1100 225 1132 tate
239 1093 537 1145 insignibusque
553 1094 804 1145 amplissimis
818 1102 1037 1142 exornatus,
1054 1107 1134 1132 non
1148 1095 1289 1132 horreo
1310 1093 1349 1131 in
1366 1094 1473 1131 hunc

145 1160 276 1197 locum
298 1159 489 1210 progredi,
511 1173 673 1211 possum
695 1159 817 1207 vobis,
834 1159 1018 1209 Quirites,
1041 1159 1267 1198 auctoribus
1289 1158 1472 1210 improbi-

145 1223 212 1262 tati
250 1223 422 1263 hominis
462 1224 649 1272 resistere,
690 1238 763 1263 nec
802 1238 937 1263 vereor
975 1238 1025 1263 ne
1059 1238 1118 1263 res
1158 1224 1316 1275 publica
1355 1223 1472 1262 tantis

144 1288 295 1327 munita
332 1288 535 1340 praesidiis
572 1290 624 1329 ab
663 1289 745 1328 istis
784 1289 886 1328 vinci
924 1298 990 1329 aut
1031 1289 1197 1340 opprimi
1237 1289 1374 1340 possit.
1433 1289 1471 1328 Si

143 1361 259 1393 antea
279 1353 508 1403 timuissem,
530 1362 661 1394 tamen
683 1356 756 1393 hac
776 1355 973 1402 contione,
996 1356 1072 1393 hoc
1099 1356 1248 1405 populo
1268 1362 1371 1393 certe
1392 1368 1472 1393 non

145 1433 304 1458 vererer.
366 1419 466 1469 Quis
487 1419 593 1458 enim
615 1433 804 1470 umquam
826 1428 905 1458 tam
927 1420 1104 1458 secunda
1132 1419 1320 1458 contione
1344 1421 1470 1470 legem

143 1484 331 1535 agrariam
361 1484 482 1523 suasit
511 1498 630 1535 quam
661 1498 734 1534 ego
763 1483 962 1523 dissuasi?
991 1483 1022 1522 si
1049 1485 1126 1523 hoc
1156 1483 1384 1523 dissuadere
1413 1491 1472 1522 est

143 1563 189 1588 ac
228 1563 308 1588 non
349 1549 566 1588 disturbare
616 1557 734 1600 atque
779 1557 1006 1600 pervertere.
1068 1550 1127 1587 Ex
1166 1562 1246 1599 quo
1286 1548 1468 1599 intellegi,

144 1613 329 1663 Quirites,
352 1622 481 1666 potest
502 1614 600 1653 nihil
620 1628 706 1654 esse
733 1622 812 1653 tam
840 1616 1027 1665 populare
1049 1628 1167 1665 quam
1196 1613 1235 1653 id
1263 1615 1371 1664 quod
1398 1628 1471 1665 ego

143 1679 255 1718 vobis
276 1679 316 1718 in
338 1680 443 1718 hunc
471 1693 619 1718 annum
648 1681 785 1718 consul
809 1680 1006 1730 popularis
1027 1680 1172 1725 adfero,
1197 1692 1348 1728 pacem,
1372 1686 1472 1717 tran-

145 1744 388 1795 quillitatem,
411 1744 547 1784 otium.
609 1746 722 1794 Quae
745 1744 859 1783 nobis
880 1743 1092 1795 designatis
1114 1743 1322 1790 timebatis,
1346 1758 1392 1782 ea
1421 1758 1470 1782 ne

143 1809 321 1849 accidere
361 1818 522 1861 possent
563 1810 730 1849 consilio
771 1823 860 1849 meo
899 1823 944 1848 ac
986 1809 1135 1848 ratione
1175 1809 1328 1860 provisa
1366 1817 1466 1848 sunt.

143 1876 236 1914 Non
267 1876 389 1914 modo
418 1889 486 1914 vos
517 1875 621 1914 eritis
653 1875 692 1914 in
728 1875 808 1914 otio
843 1874 909 1925 qui
945 1888 1098 1925 semper
1132 1888 1216 1913 esse
1248 1874 1468 1921 volueratis,

185 1988 205 2017 3
229 1977 490 2010 debentEM¹N
575 1988 594 2018 5
619 1978 667 2009 sic
679 1989 743 2009 om.
758 1978 804 2009 Ee
894 1987 911 2017 7
935 1987 1035 2018 quam
1049 1987 1118 2008 rem
1130 1977 1177 2007 Ee
1242 1978 1321 2008 mihi
1334 1979 1468 2017 scripsi:

142 2022 169 2053 si
184 2022 231 2053 Ee
247 2033 254 2052 :
279 2027 313 2052 ut
330 2026 395 2054 cell.
457 2021 605 2053 conabor
620 2022 733 2063 scripsi
749 2033 755 2052 z
779 2021 918 2053 summis
935 2021 1025 2053 codd.
1044 2023 1074 2059 (e
1084 2031 1112 2052 v.
1129 2031 1168 2053 10
1180 2021 1359 2060 adscitum)
1449 2023 1469 2052 8

143 2066 305 2105 pollicear
316 2065 364 2096 Ee
428 2076 450 2105 9
473 2066 582 2097 bonae
597 2066 673 2096 fidei
685 2064 775 2096 codd.
790 2076 797 2095 :
822 2076 899 2095 corr.
916 2065 961 2096 ed.
975 2065 1121 2105 Hervag.
1204 2075 1243 2096 10
1267 2075 1334 2095 non
1350 2065 1469 2103 ignavo

141 2109 306 2150 supplmd.
318 2109 467 2149 Hcrvag.
558 2110 636 2149 ego]
650 2119 734 2148 ergo
745 2120 778 2139 e:
805 2119 884 2148 crgo
901 2108 1001 2140 croE
1074 2118 1147 2139 sum
1166 2108 1313 2148 supplevi
1337 2109 1372 2147 csi
1386 2119 1415 2139 v.
1434 2112 1466 2148 7)

147 2163 177 2183 11
201 2164 266 2184 non
286 2158 430 2184 metuam
445 2152 476 2182 E
592 2154 744 2184 tribunos
761 2152 793 2182 E
814 2158 866 2191 xtr.
887 2156 966 2193 cett.)
1118 2162 1153 2189 14
1180 2151 1377 2182 iusseritE:
1403 2153 1467 2183 ius<

144 2197 242 2227 sisset
260 2200 325 2227 cell.
462 2197 525 2226 sim
542 2197 646 2237 suppl.
669 2195 795 2236 Zumpt
936 2195 1075 2235 imperio
1093 2196 1292 2226 auctoritate
1310 2198 1383 2226 autc
1399 2206 1467 2226 non

143 2240 265 2271 horreo
282 2241 355 2271 lmb.
375 2240 476 2278 codd„
495 2240 557 2270 linc
576 2239 730 2271 transtuli
894 2249 929 2278 15
953 2243 1136 2270 exornatus
1153 2238 1199 2269 Ee
1216 2250 1221 2269 :
1245 2244 1385 2270 ornatus
1401 2242 1466 2271 cett.

147 2285 186 2314 16
209 2294 346 2324 possum
359 2283 486 2323 Zumpt
501 2295 506 2313 :
532 2294 632 2323 posse
642 2283 731 2314 codd.
822 2283 974 2322 Quirites
986 2282 1126 2314 Mz'iller:
1152 2293 1230 2322 —que
1246 2282 1334 2313 codd.
1430 2293 1467 2322 17

144 2327 315 2358 hominum
331 2326 456 2369 Zumpt
579 2328 616 2357 18
640 2327 747 2368 possit
763 2327 813 2359 (ἵε
838 2331 954 2367 posset
971 2329 1036 2358 cclt.
1160 2336 1200 2356 22
1225 2326 1422 2366 perturbare
1437 2325 1471 2357 E

1496 1564 1552 1587 102
