<?xml version="1.0" encoding="UTF-8"?>
<!DOCTYPE html PUBLIC "-//W3C//DTD XHTML 1.0 Transitional//EN"
    "http://www.w3.org/TR/xhtml1/DTD/xhtml1-transitional.dtd">
<html xmlns="http://www.w3.org/1999/xhtml" xml:lang="en" lang="en">
 <head>
  <title>
</title>
<meta http-equiv="Content-Type" content="text/html;charset=utf-8" />
  <meta name='ocr-system' content='tesseract 3.04.00' />
  <meta name='ocr-capabilities' content='ocr_page ocr_carea ocr_par ocr_line ocrx_word'/>
</head>
<body>
  <div class='ocr_page' id='page_1' title='image "./orationesrecogno04ciceuoft/orationesrecogno04ciceuoft_0040.png"; bbox 0 0 1747 2620; ppageno 0'>
   <div class='ocr_carea' id='block_1_1' title="bbox 188 45 1212 95">
    <p class='ocr_par' dir='ltr' id='par_1_1' title="bbox 188 45 1212 95">
     <span class='ocr_line' id='line_1_1' title="bbox 188 45 1212 95; baseline -0.002 -11"><span class='ocrx_word' id='word_1_1' title='bbox 188 57 232 94; x_wconf 93' lang='lat'><strong>14</strong></span> <span class='ocrx_word' id='word_1_2' title='bbox 251 64 293 95; x_wconf 70' lang='lat'><strong>45</strong></span> <span class='ocrx_word' id='word_1_3' title='bbox 614 48 669 85; x_wconf 86' lang='lat' dir='ltr'><strong>M.</strong></span> <span class='ocrx_word' id='word_1_4' title='bbox 701 47 869 84; x_wconf 79' lang='lat' dir='ltr'>TVLLI</span> <span class='ocrx_word' id='word_1_5' title='bbox 903 45 1212 84; x_wconf 73' lang='lat' dir='ltr'>CICERONIS</span> 
     </span>
    </p>
   </div>
   <div class='ocr_carea' id='block_1_2' title="bbox 253 154 1582 210">
    <p class='ocr_par' dir='ltr' id='par_1_2' title="bbox 253 154 1582 210">
     <span class='ocr_line' id='line_1_2' title="bbox 253 154 1582 210; baseline -0.003 -12"><span class='ocrx_word' id='word_1_6' title='bbox 253 159 514 207; x_wconf 84' lang='lat' dir='ltr'>defendimus,</span> <span class='ocrx_word' id='word_1_7' title='bbox 550 159 601 207; x_wconf 87' lang='lat' dir='ltr'><strong>id,</strong></span> <span class='ocrx_word' id='word_1_8' title='bbox 639 157 805 210; x_wconf 81' lang='lat' dir='ltr'>proinde</span> <span class='ocrx_word' id='word_1_9' title='bbox 840 158 952 208; x_wconf 85' lang='lat' dir='ltr'><strong>quasi</strong></span> <span class='ocrx_word' id='word_1_10' title='bbox 986 159 1133 195; x_wconf 84' lang='lat' dir='ltr'><strong>facturn</strong></span> <span class='ocrx_word' id='word_1_11' title='bbox 1168 154 1228 203; x_wconf 89' lang='lat' dir='ltr'><strong>sit,</strong></span> <span class='ocrx_word' id='word_1_12' title='bbox 1261 163 1396 194; x_wconf 88' lang='lat' dir='ltr'><strong>nostro</strong></span> <span class='ocrx_word' id='word_1_13' title='bbox 1436 154 1582 194; x_wconf 82' lang='lat' dir='ltr'><strong>iudicio</strong></span> 
     </span>
    </p>
   </div>
   <div class='ocr_carea' id='block_1_3' title="bbox 192 220 1583 275">
    <p class='ocr_par' dir='ltr' id='par_1_3' title="bbox 192 220 1583 275">
     <span class='ocr_line' id='line_1_3' title="bbox 192 220 1583 275; baseline -0.004 -11"><span class='ocrx_word' id='word_1_14' title='bbox 192 234 233 275; x_wconf 90' lang='lat'><strong>46</strong></span> <span class='ocrx_word' id='word_1_15' title='bbox 252 226 560 264; x_wconf 87' lang='lat' dir='ltr'><strong>confirmemus?</strong></span> <span class='ocrx_word' id='word_1_16' title='bbox 619 223 791 263; x_wconf 83' lang='lat' dir='ltr'>Inveniri</span> <span class='ocrx_word' id='word_1_17' title='bbox 815 223 924 271; x_wconf 85' lang='lat' dir='ltr'><strong>ratio,</strong></span> <span class='ocrx_word' id='word_1_18' title='bbox 954 224 1002 262; x_wconf 93' lang='lat' dir='ltr'><strong>C.</strong></span> <span class='ocrx_word' id='word_1_19' title='bbox 1027 220 1174 272; x_wconf 81' lang='lat' dir='ltr'><strong>Aquili,</strong></span> <span class='ocrx_word' id='word_1_20' title='bbox 1201 234 1283 259; x_wconf 93' lang='lat' dir='ltr'><strong>non</strong></span> <span class='ocrx_word' id='word_1_21' title='bbox 1312 228 1443 271; x_wconf 87' lang='lat' dir='ltr'><strong>potest</strong></span> <span class='ocrx_word' id='word_1_22' title='bbox 1466 228 1509 258; x_wconf 86' lang='lat' dir='ltr'><strong>ut</strong></span> <span class='ocrx_word' id='word_1_23' title='bbox 1531 221 1583 259; x_wconf 85' lang='lat' dir='ltr'><strong>ad</strong></span> 
     </span>
    </p>
   </div>
   <div class='ocr_carea' id='block_1_4' title="bbox 193 1213 232 1247">
    <p class='ocr_par' dir='ltr' id='par_1_4' title="bbox 193 1213 232 1247">
     <span class='ocr_line' id='line_1_4' title="bbox 193 1213 232 1247; baseline 0 0"><span class='ocrx_word' id='word_1_24' title='bbox 193 1213 232 1247; x_wconf 73' lang='lat'><strong>47</strong></span> 
     </span>
    </p>
   </div>
   <div class='ocr_carea' id='block_1_5' title="bbox 250 285 1588 1973">
    <p class='ocr_par' dir='ltr' id='par_1_5' title="bbox 250 285 1588 1973">
     <span class='ocr_line' id='line_1_5' title="bbox 251 285 1580 340; baseline -0.004 -12"><span class='ocrx_word' id='word_1_25' title='bbox 251 303 367 328; x_wconf 88' lang='lat' dir='ltr'><strong>suum</strong></span> <span class='ocrx_word' id='word_1_26' title='bbox 406 290 574 340; x_wconf 89' lang='lat' dir='ltr'><strong>quisque</strong></span> <span class='ocrx_word' id='word_1_27' title='bbox 613 302 732 339; x_wconf 90' lang='lat' dir='ltr'><strong>quarn</strong></span> <span class='ocrx_word' id='word_1_28' title='bbox 770 287 940 339; x_wconf 87' lang='lat' dir='ltr'><strong>primum</strong></span> <span class='ocrx_word' id='word_1_29' title='bbox 981 286 1065 325; x_wconf 86' lang='lat' dir='ltr'><strong>sine</strong></span> <span class='ocrx_word' id='word_1_30' title='bbox 1105 285 1339 335; x_wconf 86' lang='lat' dir='ltr'><strong>cuiusquam</strong></span> <span class='ocrx_word' id='word_1_31' title='bbox 1374 286 1580 333; x_wconf 80' lang='lat' dir='ltr'><strong>dedecore,</strong></span> 
     </span>
     <span class='ocr_line' id='line_1_6' title="bbox 251 349 1584 405; baseline -0.003 -13"><span class='ocrx_word' id='word_1_32' title='bbox 251 355 411 393; x_wconf 86' lang='lat' dir='ltr'><strong>infamia</strong></span> <span class='ocrx_word' id='word_1_33' title='bbox 441 354 693 405; x_wconf 80' lang='lat' dir='ltr'><strong>pernicieque</strong></span> <span class='ocrx_word' id='word_1_34' title='bbox 723 352 952 404; x_wconf 87' lang='lat' dir='ltr'><strong>perveniat?</strong></span> <span class='ocrx_word' id='word_1_35' title='bbox 1011 352 1204 398; x_wconf 88' lang='lat' dir='ltr'><strong>Profecto,</strong></span> <span class='ocrx_word' id='word_1_36' title='bbox 1238 350 1269 388; x_wconf 92' lang='lat' dir='ltr'><strong>si</strong></span> <span class='ocrx_word' id='word_1_37' title='bbox 1299 349 1395 400; x_wconf 90' lang='lat' dir='ltr'><strong>quid</strong></span> <span class='ocrx_word' id='word_1_38' title='bbox 1425 350 1584 389; x_wconf 87' lang='lat' dir='ltr'><strong>debere-</strong></span> 
     </span>
     <span class='ocr_line' id='line_1_7' title="bbox 252 416 1583 470; baseline -0.002 -12"><span class='ocrx_word' id='word_1_39' title='bbox 252 428 321 467; x_wconf 87' lang='lat' dir='ltr'><strong>tur,</strong></span> <span class='ocrx_word' id='word_1_40' title='bbox 358 427 507 470; x_wconf 86' lang='lat' dir='ltr'><strong>peteret</strong></span> <span class='ocrx_word' id='word_1_41' title='bbox 524 435 535 468; x_wconf 79' lang='lat'><em>3</em></span> <span class='ocrx_word' id='word_1_42' title='bbox 572 433 654 458; x_wconf 92' lang='lat' dir='ltr'><strong>non</strong></span> <span class='ocrx_word' id='word_1_43' title='bbox 686 420 819 457; x_wconf 88' lang='lat' dir='ltr'><strong>omnia</strong></span> <span class='ocrx_word' id='word_1_44' title='bbox 851 417 996 456; x_wconf 87' lang='lat' dir='ltr'><strong>iudicia</strong></span> <span class='ocrx_word' id='word_1_45' title='bbox 1028 416 1110 456; x_wconf 88' lang='lat' dir='ltr'><strong>fieri</strong></span> <span class='ocrx_word' id='word_1_46' title='bbox 1142 417 1275 455; x_wconf 88' lang='lat' dir='ltr'><strong>mallet</strong></span> <span class='ocrx_word' id='word_1_47' title='bbox 1307 429 1427 466; x_wconf 88' lang='lat' dir='ltr'><strong>quarn</strong></span> <span class='ocrx_word' id='word_1_48' title='bbox 1458 429 1583 456; x_wconf 88' lang='lat' dir='ltr'><strong>unum</strong></span> 
     </span>
     <span class='ocr_line' id='line_1_8' title="bbox 251 480 1584 530; baseline -0.003 -7"><span class='ocrx_word' id='word_1_49' title='bbox 251 485 347 523; x_wconf 91' lang='lat' dir='ltr'><strong>illud</strong></span> <span class='ocrx_word' id='word_1_50' title='bbox 378 486 485 524; x_wconf 91' lang='lat' dir='ltr'><strong>unde</strong></span> <span class='ocrx_word' id='word_1_51' title='bbox 519 486 617 524; x_wconf 83' lang='lat' dir='ltr'><strong>haec</strong></span> <span class='ocrx_word' id='word_1_52' title='bbox 647 484 782 523; x_wconf 91' lang='lat' dir='ltr'><strong>ornnia</strong></span> <span class='ocrx_word' id='word_1_53' title='bbox 816 483 961 522; x_wconf 87' lang='lat' dir='ltr'><strong>iudicia</strong></span> <span class='ocrx_word' id='word_1_54' title='bbox 995 489 1220 521; x_wconf 90' lang='lat' dir='ltr'><strong>nascuntur.</strong></span> <span class='ocrx_word' id='word_1_55' title='bbox 1283 480 1363 530; x_wconf 87' lang='lat' dir='ltr'><strong>Qui</strong></span> <span class='ocrx_word' id='word_1_56' title='bbox 1394 481 1494 520; x_wconf 91' lang='lat' dir='ltr'><strong>inter</strong></span> <span class='ocrx_word' id='word_1_57' title='bbox 1526 489 1584 520; x_wconf 87' lang='lat' dir='ltr'><strong>tot</strong></span> 
     </span>
     <span class='ocr_line' id='line_1_9' title="bbox 250 547 1583 601; baseline -0.002 -13"><span class='ocrx_word' id='word_1_58' title='bbox 250 563 375 588; x_wconf 88' lang='lat' dir='ltr'><strong>annos</strong></span> <span class='ocrx_word' id='word_1_59' title='bbox 400 563 449 589; x_wconf 92' lang='lat' dir='ltr'><strong>ne</strong></span> <span class='ocrx_word' id='word_1_60' title='bbox 473 549 677 601; x_wconf 89' lang='lat' dir='ltr'><strong>appellarit</strong></span> <span class='ocrx_word' id='word_1_61' title='bbox 705 550 866 599; x_wconf 89' lang='lat' dir='ltr'><strong>quidem</strong></span> <span class='ocrx_word' id='word_1_62' title='bbox 898 547 1142 597; x_wconf 83' lang='lat' dir='ltr'><strong>Quinctium,</strong></span> <span class='ocrx_word' id='word_1_63' title='bbox 1172 561 1263 586; x_wconf 88' lang='lat' dir='ltr'><strong>curn</strong></span> <span class='ocrx_word' id='word_1_64' title='bbox 1284 554 1458 597; x_wconf 85' lang='lat' dir='ltr'><strong>potestas</strong></span> <span class='ocrx_word' id='word_1_65' title='bbox 1480 555 1583 586; x_wconf 90' lang='lat' dir='ltr'><strong>esset</strong></span> 
     </span>
     <span class='ocr_line' id='line_1_10' title="bbox 251 612 1583 665; baseline -0.002 -12"><span class='ocrx_word' id='word_1_66' title='bbox 251 615 393 665; x_wconf 82' lang='lat' dir='ltr'><strong>agendi</strong></span> <span class='ocrx_word' id='word_1_67' title='bbox 423 615 578 663; x_wconf 86' lang='lat' dir='ltr'><strong>cotidie,</strong></span> <span class='ocrx_word' id='word_1_68' title='bbox 603 615 684 665; x_wconf 81' lang='lat' dir='ltr'><strong>qui,</strong></span> <span class='ocrx_word' id='word_1_69' title='bbox 711 628 792 665; x_wconf 92' lang='lat' dir='ltr'><strong>quo</strong></span> <span class='ocrx_word' id='word_1_70' title='bbox 824 622 1002 665; x_wconf 85' lang='lat' dir='ltr'><strong>tempore</strong></span> <span class='ocrx_word' id='word_1_71' title='bbox 1029 615 1200 664; x_wconf 91' lang='lat' dir='ltr'><strong>primum</strong></span> <span class='ocrx_word' id='word_1_72' title='bbox 1235 626 1348 663; x_wconf 85' lang='lat' dir='ltr'><strong>agere</strong></span> <span class='ocrx_word' id='word_1_73' title='bbox 1375 612 1516 663; x_wconf 89' lang='lat' dir='ltr'><strong>coepit,</strong></span> <span class='ocrx_word' id='word_1_74' title='bbox 1543 612 1583 650; x_wconf 89' lang='lat' dir='ltr'><strong>in</strong></span> 
     </span>
     <span class='ocr_line' id='line_1_11' title="bbox 252 676 1584 730; baseline -0.003 -11"><span class='ocrx_word' id='word_1_75' title='bbox 252 681 487 720; x_wconf 84' lang='lat' dir='ltr'><strong>vadimoniis</strong></span> <span class='ocrx_word' id='word_1_76' title='bbox 536 680 762 720; x_wconf 87' lang='lat' dir='ltr'><strong>differendis</strong></span> <span class='ocrx_word' id='word_1_77' title='bbox 811 688 968 730; x_wconf 87' lang='lat' dir='ltr'><strong>tempus</strong></span> <span class='ocrx_word' id='word_1_78' title='bbox 1008 692 1127 718; x_wconf 90' lang='lat' dir='ltr'><strong>omne</strong></span> <span class='ocrx_word' id='word_1_79' title='bbox 1175 676 1474 728; x_wconf 79' lang='lat' dir='ltr'><strong>consumpserit,</strong></span> <span class='ocrx_word' id='word_1_80' title='bbox 1516 676 1584 728; x_wconf 92' lang='lat' dir='ltr'><strong>qui</strong></span> 
     </span>
     <span class='ocr_line' id='line_1_12' title="bbox 251 743 1586 796; baseline -0.003 -13"><span class='ocrx_word' id='word_1_81' title='bbox 251 753 388 796; x_wconf 84' lang='lat' dir='ltr'><strong>postea</strong></span> <span class='ocrx_word' id='word_1_82' title='bbox 435 745 705 784; x_wconf 85' lang='lat' dir='ltr'><strong>vadimonium</strong></span> <span class='ocrx_word' id='word_1_83' title='bbox 755 758 914 795; x_wconf 91' lang='lat' dir='ltr'><strong>quoque</strong></span> <span class='ocrx_word' id='word_1_84' title='bbox 962 744 1126 782; x_wconf 88' lang='lat' dir='ltr'><strong>missum</strong></span> <span class='ocrx_word' id='word_1_85' title='bbox 1173 743 1317 790; x_wconf 87' lang='lat' dir='ltr'><strong>fecerit,</strong></span> <span class='ocrx_word' id='word_1_86' title='bbox 1364 743 1469 780; x_wconf 89' lang='lat' dir='ltr'><strong>hunc</strong></span> <span class='ocrx_word' id='word_1_87' title='bbox 1516 756 1586 792; x_wconf 87' lang='lat' dir='ltr'><strong>per</strong></span> 
     </span>
     <span class='ocr_line' id='line_1_13' title="bbox 252 808 1585 861; baseline -0.002 -13"><span class='ocrx_word' id='word_1_88' title='bbox 252 810 413 849; x_wconf 82' lang='lat' dir='ltr'><strong>insidias</strong></span> <span class='ocrx_word' id='word_1_89' title='bbox 451 811 488 849; x_wconf 90' lang='lat' dir='ltr'><strong>vi</strong></span> <span class='ocrx_word' id='word_1_90' title='bbox 527 812 578 849; x_wconf 90' lang='lat' dir='ltr'><strong>de</strong></span> <span class='ocrx_word' id='word_1_91' title='bbox 616 825 710 861; x_wconf 82' lang='lat' dir='ltr'><strong>agro</strong></span> <span class='ocrx_word' id='word_1_92' title='bbox 753 810 957 849; x_wconf 87' lang='lat' dir='ltr'><strong>communi</strong></span> <span class='ocrx_word' id='word_1_93' title='bbox 997 809 1193 855; x_wconf 88' lang='lat' dir='ltr'><strong>deiecerit,</strong></span> <span class='ocrx_word' id='word_1_94' title='bbox 1226 808 1304 859; x_wconf 90' lang='lat' dir='ltr'><strong>qui,</strong></span> <span class='ocrx_word' id='word_1_95' title='bbox 1336 821 1428 847; x_wconf 91' lang='lat' dir='ltr'><strong>cum</strong></span> <span class='ocrx_word' id='word_1_96' title='bbox 1463 809 1513 846; x_wconf 91' lang='lat' dir='ltr'><strong>de</strong></span> <span class='ocrx_word' id='word_1_97' title='bbox 1544 822 1585 845; x_wconf 91' lang='lat' dir='ltr'><strong>re</strong></span> 
     </span>
     <span class='ocr_line' id='line_1_14' title="bbox 251 872 1584 927; baseline -0.002 -13"><span class='ocrx_word' id='word_1_98' title='bbox 251 876 394 927; x_wconf 82' lang='lat' dir='ltr'><strong>agendi</strong></span> <span class='ocrx_word' id='word_1_99' title='bbox 432 878 541 915; x_wconf 91' lang='lat' dir='ltr'><strong>nullo</strong></span> <span class='ocrx_word' id='word_1_100' title='bbox 585 884 790 915; x_wconf 84' lang='lat' dir='ltr'><strong>recusante</strong></span> <span class='ocrx_word' id='word_1_101' title='bbox 829 883 1002 926; x_wconf 85' lang='lat' dir='ltr'><strong>potestas</strong></span> <span class='ocrx_word' id='word_1_102' title='bbox 1046 874 1192 922; x_wconf 89' lang='lat' dir='ltr'><strong>fuisset,</strong></span> <span class='ocrx_word' id='word_1_103' title='bbox 1235 872 1490 924; x_wconf 83' lang='lat' dir='ltr'><strong>sponsionem</strong></span> <span class='ocrx_word' id='word_1_104' title='bbox 1534 874 1584 911; x_wconf 89' lang='lat' dir='ltr'><strong>de</strong></span> 
     </span>
     <span class='ocr_line' id='line_1_15' title="bbox 252 938 1584 992; baseline -0.004 -11"><span class='ocrx_word' id='word_1_105' title='bbox 252 943 396 992; x_wconf 87' lang='lat' dir='ltr'><strong>probro</strong></span> <span class='ocrx_word' id='word_1_106' title='bbox 423 944 550 981; x_wconf 81' lang='lat' dir='ltr'><strong>facere</strong></span> <span class='ocrx_word' id='word_1_107' title='bbox 577 942 767 989; x_wconf 84' lang='lat' dir='ltr'><strong>maluerit,</strong></span> <span class='ocrx_word' id='word_1_108' title='bbox 791 941 869 992; x_wconf 90' lang='lat' dir='ltr'><strong>qui,</strong></span> <span class='ocrx_word' id='word_1_109' title='bbox 900 954 991 979; x_wconf 86' lang='lat' dir='ltr'><strong>cum</strong></span> <span class='ocrx_word' id='word_1_110' title='bbox 1021 947 1225 978; x_wconf 84' lang='lat' dir='ltr'><strong>revocetur</strong></span> <span class='ocrx_word' id='word_1_111' title='bbox 1250 940 1302 978; x_wconf 86' lang='lat' dir='ltr'><strong>ad</strong></span> <span class='ocrx_word' id='word_1_112' title='bbox 1326 938 1367 977; x_wconf 91' lang='lat' dir='ltr'><strong>id</strong></span> <span class='ocrx_word' id='word_1_113' title='bbox 1394 938 1584 977; x_wconf 88' lang='lat' dir='ltr'><strong>iudicium</strong></span> 
     </span>
     <span class='ocr_line' id='line_1_16' title="bbox 253 1004 1584 1054; baseline -0.003 -8"><span class='ocrx_word' id='word_1_114' title='bbox 253 1008 359 1046; x_wconf 89' lang='lat' dir='ltr'><strong>unde</strong></span> <span class='ocrx_word' id='word_1_115' title='bbox 399 1009 495 1046; x_wconf 89' lang='lat' dir='ltr'><strong>haec</strong></span> <span class='ocrx_word' id='word_1_116' title='bbox 534 1016 626 1046; x_wconf 88' lang='lat' dir='ltr'><strong>nata</strong></span> <span class='ocrx_word' id='word_1_117' title='bbox 665 1016 754 1046; x_wconf 87' lang='lat' dir='ltr'><strong>sunt</strong></span> <span class='ocrx_word' id='word_1_118' title='bbox 793 1007 937 1054; x_wconf 83' lang='lat' dir='ltr'><strong>onmia,</strong></span> <span class='ocrx_word' id='word_1_119' title='bbox 981 1005 1260 1045; x_wconf 82' lang='lat' dir='ltr'><strong>condicionem</strong></span> <span class='ocrx_word' id='word_1_120' title='bbox 1305 1004 1584 1054; x_wconf 79' lang='lat' dir='ltr'><strong>aequissimam</strong></span> 
     </span>
     <span class='ocr_line' id='line_1_17' title="bbox 252 1071 1583 1123; baseline -0.002 -11"><span class='ocrx_word' id='word_1_121' title='bbox 252 1073 441 1123; x_wconf 89' lang='lat' dir='ltr'><strong>repudiet,</strong></span> <span class='ocrx_word' id='word_1_122' title='bbox 465 1075 631 1112; x_wconf 78' lang='lat' dir='ltr'><strong>fateatur</strong></span> <span class='ocrx_word' id='word_1_123' title='bbox 656 1087 697 1111; x_wconf 87' lang='lat' dir='ltr'><strong>se</strong></span> <span class='ocrx_word' id='word_1_124' title='bbox 719 1086 799 1111; x_wconf 90' lang='lat' dir='ltr'><strong>non</strong></span> <span class='ocrx_word' id='word_1_125' title='bbox 825 1072 1034 1123; x_wconf 87' lang='lat' dir='ltr'><strong>pecuniam</strong></span> <span class='ocrx_word' id='word_1_126' title='bbox 1057 1073 1127 1110; x_wconf 90' lang='lat' dir='ltr'><strong>sed</strong></span> <span class='ocrx_word' id='word_1_127' title='bbox 1148 1073 1268 1109; x_wconf 85' lang='lat' dir='ltr'><strong>vitam</strong></span> <span class='ocrx_word' id='word_1_128' title='bbox 1294 1079 1332 1110; x_wconf 87' lang='lat' dir='ltr'><strong>et</strong></span> <span class='ocrx_word' id='word_1_129' title='bbox 1353 1071 1583 1121; x_wconf 83' lang='lat' dir='ltr'><strong>sanguinem</strong></span> 
     </span>
     <span class='ocr_line' id='line_1_18' title="bbox 252 1136 1584 1189; baseline -0.003 -12"><span class='ocrx_word' id='word_1_130' title='bbox 252 1146 396 1189; x_wconf 89' lang='lat' dir='ltr'><strong>petere,</strong></span> <span class='ocrx_word' id='word_1_131' title='bbox 430 1138 460 1177; x_wconf 89' lang='lat' dir='ltr'><strong>is</strong></span> <span class='ocrx_word' id='word_1_132' title='bbox 491 1152 572 1177; x_wconf 92' lang='lat' dir='ltr'><strong>non</strong></span> <span class='ocrx_word' id='word_1_133' title='bbox 602 1140 678 1177; x_wconf 87' lang='lat' dir='ltr'><strong>hoc</strong></span> <span class='ocrx_word' id='word_1_134' title='bbox 708 1140 837 1189; x_wconf 88' lang='lat' dir='ltr'><strong>palam</strong></span> <span class='ocrx_word' id='word_1_135' title='bbox 869 1138 987 1177; x_wconf 88' lang='lat' dir='ltr'><strong>dicit:</strong></span> <span class='ocrx_word' id='word_1_136' title='bbox 1024 1136 1143 1175; x_wconf 86' lang='lat' dir='ltr'><strong>‘mihi</strong></span> <span class='ocrx_word' id='word_1_137' title='bbox 1174 1136 1204 1175; x_wconf 85' lang='lat' dir='ltr'><strong>si</strong></span> <span class='ocrx_word' id='word_1_138' title='bbox 1236 1136 1333 1187; x_wconf 89' lang='lat' dir='ltr'><strong>quid</strong></span> <span class='ocrx_word' id='word_1_139' title='bbox 1364 1136 1584 1184; x_wconf 86' lang='lat' dir='ltr'><strong>deberetur,</strong></span> 
     </span>
     <span class='ocr_line' id='line_1_19' title="bbox 253 1200 1586 1254; baseline -0.002 -12"><span class='ocrx_word' id='word_1_140' title='bbox 253 1211 426 1254; x_wconf 89' lang='lat' dir='ltr'><strong>peterem</strong></span> <span class='ocrx_word' id='word_1_141' title='bbox 447 1212 565 1254; x_wconf 85' lang='lat' dir='ltr'><strong>atque</strong></span> <span class='ocrx_word' id='word_1_142' title='bbox 581 1205 682 1242; x_wconf 87' lang='lat' dir='ltr'><strong>adeo</strong></span> <span class='ocrx_word' id='word_1_143' title='bbox 699 1203 775 1242; x_wconf 88' lang='lat' dir='ltr'><strong>iam</strong></span> <span class='ocrx_word' id='word_1_144' title='bbox 792 1203 944 1254; x_wconf 88' lang='lat' dir='ltr'><strong>pridem</strong></span> <span class='ocrx_word' id='word_1_145' title='bbox 961 1201 1211 1241; x_wconf 79' lang='lat' dir='ltr'><strong>abstulissem</strong></span> <span class='ocrx_word' id='word_1_146' title='bbox 1221 1216 1231 1250; x_wconf 72' lang='lat'><em>3</em></span> <span class='ocrx_word' id='word_1_147' title='bbox 1261 1200 1358 1240; x_wconf 90' lang='lat' dir='ltr'><strong>nihil</strong></span> <span class='ocrx_word' id='word_1_148' title='bbox 1379 1202 1455 1240; x_wconf 89' lang='lat' dir='ltr'><strong>hoc</strong></span> <span class='ocrx_word' id='word_1_149' title='bbox 1475 1208 1586 1239; x_wconf 89' lang='lat' dir='ltr'><strong>tanto</strong></span> 
     </span>
     <span class='ocr_line' id='line_1_20' title="bbox 253 1267 1587 1319; baseline -0.001 -12"><span class='ocrx_word' id='word_1_150' title='bbox 253 1269 421 1319; x_wconf 78' lang='lat' dir='ltr'><strong>negotio,</strong></span> <span class='ocrx_word' id='word_1_151' title='bbox 441 1268 538 1307; x_wconf 81' lang='lat' dir='ltr'><strong>nihil</strong></span> <span class='ocrx_word' id='word_1_152' title='bbox 559 1277 638 1307; x_wconf 84' lang='lat' dir='ltr'><strong>tarn</strong></span> <span class='ocrx_word' id='word_1_153' title='bbox 652 1269 848 1307; x_wconf 87' lang='lat' dir='ltr'><strong>invidioso</strong></span> <span class='ocrx_word' id='word_1_154' title='bbox 862 1268 1019 1317; x_wconf 89' lang='lat' dir='ltr'><strong>iudicio,</strong></span> <span class='ocrx_word' id='word_1_155' title='bbox 1035 1267 1134 1306; x_wconf 88' lang='lat' dir='ltr'><strong>nihil</strong></span> <span class='ocrx_word' id='word_1_156' title='bbox 1155 1275 1234 1306; x_wconf 86' lang='lat' dir='ltr'><strong>tarn</strong></span> <span class='ocrx_word' id='word_1_157' title='bbox 1249 1267 1409 1318; x_wconf 84' lang='lat' dir='ltr'><strong>copiosa</strong></span> <span class='ocrx_word' id='word_1_158' title='bbox 1422 1268 1587 1306; x_wconf 83' lang='lat' dir='ltr'><strong>advoca-</strong></span> 
     </span>
     <span class='ocr_line' id='line_1_21' title="bbox 253 1332 1585 1385; baseline -0.002 -13"><span class='ocrx_word' id='word_1_159' title='bbox 253 1334 360 1373; x_wconf 85' lang='lat' dir='ltr'><strong>tione</strong></span> <span class='ocrx_word' id='word_1_160' title='bbox 391 1343 526 1382; x_wconf 91' lang='lat' dir='ltr'><strong>uterer,</strong></span> <span class='ocrx_word' id='word_1_161' title='bbox 559 1334 590 1373; x_wconf 87' lang='lat' dir='ltr'><strong>si</strong></span> <span class='ocrx_word' id='word_1_162' title='bbox 621 1336 838 1385; x_wconf 88' lang='lat' dir='ltr'><strong>petendum</strong></span> <span class='ocrx_word' id='word_1_163' title='bbox 869 1342 970 1373; x_wconf 88' lang='lat' dir='ltr'><strong>esset</strong></span> <span class='ocrx_word' id='word_1_164' title='bbox 986 1349 996 1382; x_wconf 90' lang='lat'><strong>,·</strong></span> <span class='ocrx_word' id='word_1_165' title='bbox 1029 1334 1344 1384; x_wconf 81' lang='lat' dir='ltr'><strong>extorquendum</strong></span> <span class='ocrx_word' id='word_1_166' title='bbox 1375 1340 1433 1371; x_wconf 90' lang='lat' dir='ltr'><strong>est</strong></span> <span class='ocrx_word' id='word_1_167' title='bbox 1462 1332 1585 1371; x_wconf 85' lang='lat' dir='ltr'><strong>invito</strong></span> 
     </span>
     <span class='ocr_line' id='line_1_22' title="bbox 252 1398 1585 1451; baseline -0.002 -12"><span class='ocrx_word' id='word_1_168' title='bbox 252 1409 371 1450; x_wconf 88' lang='lat' dir='ltr'><strong>atque</strong></span> <span class='ocrx_word' id='word_1_169' title='bbox 387 1400 562 1451; x_wconf 79' lang='lat' dir='ltr'><strong>ingratis3</strong></span> <span class='ocrx_word' id='word_1_170' title='bbox 594 1402 703 1451; x_wconf 89' lang='lat' dir='ltr'><strong>quod</strong></span> <span class='ocrx_word' id='word_1_171' title='bbox 725 1414 805 1439; x_wconf 92' lang='lat' dir='ltr'><strong>non</strong></span> <span class='ocrx_word' id='word_1_172' title='bbox 827 1401 957 1447; x_wconf 91' lang='lat' dir='ltr'><strong>debet,</strong></span> <span class='ocrx_word' id='word_1_173' title='bbox 976 1400 1222 1450; x_wconf 88' lang='lat' dir='ltr'><strong>eripiendum</strong></span> <span class='ocrx_word' id='word_1_174' title='bbox 1237 1406 1356 1449; x_wconf 85' lang='lat' dir='ltr'><strong>atque</strong></span> <span class='ocrx_word' id='word_1_175' title='bbox 1370 1398 1585 1449; x_wconf 81' lang='lat' dir='ltr'><strong>exprimen-</strong></span> 
     </span>
     <span class='ocr_line' id='line_1_23' title="bbox 254 1464 1586 1514; baseline -0.002 -10"><span class='ocrx_word' id='word_1_176' title='bbox 254 1467 348 1504; x_wconf 92' lang='lat' dir='ltr'><strong>durn</strong></span> <span class='ocrx_word' id='word_1_177' title='bbox 365 1474 423 1504; x_wconf 87' lang='lat' dir='ltr'><strong>est</strong></span> <span class='ocrx_word' id='word_1_178' title='bbox 444 1481 452 1512; x_wconf 85' lang='lat'>;</span> <span class='ocrx_word' id='word_1_179' title='bbox 480 1467 529 1504; x_wconf 92' lang='lat' dir='ltr'><strong>de</strong></span> <span class='ocrx_word' id='word_1_180' title='bbox 543 1466 706 1504; x_wconf 84' lang='lat' dir='ltr'><strong>fortunis</strong></span> <span class='ocrx_word' id='word_1_181' title='bbox 724 1465 908 1504; x_wconf 89' lang='lat' dir='ltr'><strong>omnibus</strong></span> <span class='ocrx_word' id='word_1_182' title='bbox 927 1467 968 1504; x_wconf 90' lang='lat' dir='ltr'><strong>P.</strong></span> <span class='ocrx_word' id='word_1_183' title='bbox 988 1464 1199 1514; x_wconf 86' lang='lat' dir='ltr'><strong>Quinctius</strong></span> <span class='ocrx_word' id='word_1_184' title='bbox 1215 1464 1487 1503; x_wconf 86' lang='lat' dir='ltr'><strong>deturbandus</strong></span> <span class='ocrx_word' id='word_1_185' title='bbox 1504 1471 1561 1502; x_wconf 88' lang='lat' dir='ltr'><strong>est</strong></span> <span class='ocrx_word' id='word_1_186' title='bbox 1578 1478 1586 1511; x_wconf 85' lang='lat'>;</span> 
     </span>
     <span class='ocr_line' id='line_1_24' title="bbox 253 1526 1587 1581; baseline 0 -13"><span class='ocrx_word' id='word_1_187' title='bbox 253 1539 444 1581; x_wconf 86' lang='lat' dir='ltr'><strong>potentes,</strong></span> <span class='ocrx_word' id='word_1_188' title='bbox 468 1531 612 1578; x_wconf 88' lang='lat' dir='ltr'><strong>diserti,</strong></span> <span class='ocrx_word' id='word_1_189' title='bbox 636 1531 788 1569; x_wconf 84' lang='lat' dir='ltr'><strong>nobiles</strong></span> <span class='ocrx_word' id='word_1_190' title='bbox 810 1545 948 1569; x_wconf 85' lang='lat' dir='ltr'><strong>omnes</strong></span> <span class='ocrx_word' id='word_1_191' title='bbox 965 1530 1190 1579; x_wconf 74' lang='lat' dir='ltr'><strong>¹advocandi</strong></span> <span class='ocrx_word' id='word_1_192' title='bbox 1211 1526 1328 1578; x_wconf 80' lang='lat' dir='ltr'><strong>sunt3</strong></span> <span class='ocrx_word' id='word_1_193' title='bbox 1358 1530 1587 1568; x_wconf 85' lang='lat' dir='ltr'><strong>adhibenda</strong></span> 
     </span>
     <span class='ocr_line' id='line_1_25' title="bbox 253 1595 1588 1646; baseline -0.001 -12"><span class='ocrx_word' id='word_1_194' title='bbox 253 1599 309 1634; x_wconf 79' lang='lat' dir='ltr'><strong>vis</strong></span> <span class='ocrx_word' id='word_1_195' title='bbox 337 1604 395 1635; x_wconf 90' lang='lat' dir='ltr'><strong>est</strong></span> <span class='ocrx_word' id='word_1_196' title='bbox 410 1596 571 1644; x_wconf 87' lang='lat' dir='ltr'><strong>veritati,</strong></span> <span class='ocrx_word' id='word_1_197' title='bbox 595 1596 725 1635; x_wconf 87' lang='lat' dir='ltr'><strong>minae</strong></span> <span class='ocrx_word' id='word_1_198' title='bbox 746 1596 946 1644; x_wconf 80' lang='lat' dir='ltr'><strong>iactentur,</strong></span> <span class='ocrx_word' id='word_1_199' title='bbox 970 1596 1143 1646; x_wconf 85' lang='lat' dir='ltr'><strong>pericula</strong></span> <span class='ocrx_word' id='word_1_200' title='bbox 1169 1595 1434 1641; x_wconf 82' lang='lat' dir='ltr'><strong>intendantur,</strong></span> <span class='ocrx_word' id='word_1_201' title='bbox 1458 1595 1588 1633; x_wconf 72' lang='lat' dir='ltr'><strong>forrni=</strong></span> 
     </span>
     <span class='ocr_line' id='line_1_26' title="bbox 253 1660 1584 1712; baseline -0.001 -12"><span class='ocrx_word' id='word_1_202' title='bbox 253 1661 365 1700; x_wconf 91' lang='lat' dir='ltr'><strong>dines</strong></span> <span class='ocrx_word' id='word_1_203' title='bbox 382 1670 643 1712; x_wconf 87' lang='lat' dir='ltr'><strong>opponantur,</strong></span> <span class='ocrx_word' id='word_1_204' title='bbox 662 1670 704 1700; x_wconf 90' lang='lat' dir='ltr'><strong>ut</strong></span> <span class='ocrx_word' id='word_1_205' title='bbox 725 1661 784 1700; x_wconf 91' lang='lat' dir='ltr'><strong>his</strong></span> <span class='ocrx_word' id='word_1_206' title='bbox 801 1663 916 1700; x_wconf 91' lang='lat' dir='ltr'><strong>rebus</strong></span> <span class='ocrx_word' id='word_1_207' title='bbox 932 1662 1146 1712; x_wconf 84' lang='lat' dir='ltr'><strong>aliquando</strong></span> <span class='ocrx_word' id='word_1_208' title='bbox 1160 1661 1285 1700; x_wconf 76' lang='lat' dir='ltr'><strong>victus</strong></span> <span class='ocrx_word' id='word_1_209' title='bbox 1302 1669 1340 1700; x_wconf 90' lang='lat' dir='ltr'><strong>et</strong></span> <span class='ocrx_word' id='word_1_210' title='bbox 1360 1660 1584 1711; x_wconf 89' lang='lat' dir='ltr'><strong>perterritus</strong></span> 
     </span>
     <span class='ocr_line' id='line_1_27' title="bbox 253 1726 1579 1777; baseline 0.002 -13"><span class='ocrx_word' id='word_1_211' title='bbox 253 1726 336 1777; x_wconf 86' lang='lat' dir='ltr'><strong>ipse</strong></span> <span class='ocrx_word' id='word_1_212' title='bbox 360 1740 401 1765; x_wconf 89' lang='lat' dir='ltr'><strong>se</strong></span> <span class='ocrx_word' id='word_1_213' title='bbox 429 1728 601 1766; x_wconf 85' lang='lat' dir='ltr'><strong>dedat?&#39;</strong></span> <span class='ocrx_word' id='word_1_214' title='bbox 660 1729 773 1776; x_wconf 85' lang='lat' dir='ltr'><strong>Quae</strong></span> <span class='ocrx_word' id='word_1_215' title='bbox 795 1740 858 1765; x_wconf 90' lang='lat' dir='ltr'><strong>rne</strong></span> <span class='ocrx_word' id='word_1_216' title='bbox 883 1728 1042 1766; x_wconf 87' lang='lat' dir='ltr'><strong>hercule</strong></span> <span class='ocrx_word' id='word_1_217' title='bbox 1068 1726 1211 1774; x_wconf 91' lang='lat' dir='ltr'><strong>omnia,</strong></span> <span class='ocrx_word' id='word_1_218' title='bbox 1236 1740 1326 1765; x_wconf 88' lang='lat' dir='ltr'><strong>cum</strong></span> <span class='ocrx_word' id='word_1_219' title='bbox 1350 1726 1415 1777; x_wconf 90' lang='lat' dir='ltr'><strong>qui</strong></span> <span class='ocrx_word' id='word_1_220' title='bbox 1447 1734 1579 1766; x_wconf 84' lang='lat' dir='ltr'><strong>contra</strong></span> 
     </span>
     <span class='ocr_line' id='line_1_28' title="bbox 254 1791 1584 1842; baseline 0 -12"><span class='ocrx_word' id='word_1_221' title='bbox 254 1800 429 1842; x_wconf 83' lang='lat' dir='ltr'><strong>pugnent</strong></span> <span class='ocrx_word' id='word_1_222' title='bbox 453 1792 579 1839; x_wconf 92' lang='lat' dir='ltr'><strong>video,</strong></span> <span class='ocrx_word' id='word_1_223' title='bbox 607 1800 644 1830; x_wconf 87' lang='lat' dir='ltr'><strong>et</strong></span> <span class='ocrx_word' id='word_1_224' title='bbox 675 1806 765 1830; x_wconf 88' lang='lat' dir='ltr'><strong>cum</strong></span> <span class='ocrx_word' id='word_1_225' title='bbox 791 1792 901 1830; x_wconf 90' lang='lat' dir='ltr'><strong>illum</strong></span> <span class='ocrx_word' id='word_1_226' title='bbox 933 1805 1162 1831; x_wconf 88' lang='lat' dir='ltr'><strong>consessum</strong></span> <span class='ocrx_word' id='word_1_227' title='bbox 1191 1791 1410 1840; x_wconf 91' lang='lat' dir='ltr'><strong>considero,</strong></span> <span class='ocrx_word' id='word_1_228' title='bbox 1444 1793 1584 1830; x_wconf 85' lang='lat' dir='ltr'><strong>adesse</strong></span> 
     </span>
     <span class='ocr_line' id='line_1_29' title="bbox 252 1856 1582 1907; baseline 0.001 -13"><span class='ocrx_word' id='word_1_229' title='bbox 252 1864 371 1906; x_wconf 77' lang='lat' dir='ltr'><strong>atque</strong></span> <span class='ocrx_word' id='word_1_230' title='bbox 401 1857 629 1907; x_wconf 87' lang='lat' dir='ltr'><strong>impendere</strong></span> <span class='ocrx_word' id='word_1_231' title='bbox 663 1856 845 1895; x_wconf 84' lang='lat' dir='ltr'><strong>videntur</strong></span> <span class='ocrx_word' id='word_1_232' title='bbox 881 1870 1010 1907; x_wconf 90' lang='lat' dir='ltr'><strong>neque</strong></span> <span class='ocrx_word' id='word_1_233' title='bbox 1040 1856 1149 1895; x_wconf 83' lang='lat' dir='ltr'><strong>vitari</strong></span> <span class='ocrx_word' id='word_1_234' title='bbox 1182 1858 1262 1895; x_wconf 89' lang='lat' dir='ltr'><strong>ullo</strong></span> <span class='ocrx_word' id='word_1_235' title='bbox 1292 1857 1414 1895; x_wconf 89' lang='lat' dir='ltr'><strong>modo</strong></span> <span class='ocrx_word' id='word_1_236' title='bbox 1443 1870 1582 1907; x_wconf 63' lang='lat' dir='ltr'><strong>possef</strong></span> 
     </span>
     <span class='ocr_line' id='line_1_30' title="bbox 255 1922 1584 1973; baseline 0.001 -14"><span class='ocrx_word' id='word_1_237' title='bbox 255 1935 344 1960; x_wconf 88' lang='lat' dir='ltr'><strong>cum</strong></span> <span class='ocrx_word' id='word_1_238' title='bbox 365 1930 496 1960; x_wconf 85' lang='lat' dir='ltr'><strong>autem</strong></span> <span class='ocrx_word' id='word_1_239' title='bbox 517 1923 568 1961; x_wconf 88' lang='lat' dir='ltr'><strong>ad</strong></span> <span class='ocrx_word' id='word_1_240' title='bbox 595 1930 645 1970; x_wconf 83' lang='lat' dir='ltr'><strong>te,</strong></span> <span class='ocrx_word' id='word_1_241' title='bbox 668 1923 712 1962; x_wconf 89' lang='lat' dir='ltr'><strong>C.</strong></span> <span class='ocrx_word' id='word_1_242' title='bbox 736 1922 882 1973; x_wconf 86' lang='lat' dir='ltr'><strong>Aquili,</strong></span> <span class='ocrx_word' id='word_1_243' title='bbox 906 1924 1041 1961; x_wconf 87' lang='lat' dir='ltr'><strong>oculos</strong></span> <span class='ocrx_word' id='word_1_244' title='bbox 1063 1922 1320 1972; x_wconf 86' lang='lat' dir='ltr'><strong>animumque</strong></span> <span class='ocrx_word' id='word_1_245' title='bbox 1340 1922 1483 1970; x_wconf 82' lang='lat' dir='ltr'><strong>rettuli,</strong></span> <span class='ocrx_word' id='word_1_246' title='bbox 1504 1935 1584 1972; x_wconf 89' lang='lat' dir='ltr'><strong>quo</strong></span> 
     </span>
    </p>
   </div>
   <div class='ocr_carea' id='block_1_6' title="bbox 255 2026 1584 2374">
    <p class='ocr_par' dir='ltr' id='par_1_6' title="bbox 255 2026 1584 2374">
     <span class='ocr_line' id='line_1_31' title="bbox 301 2026 1584 2066; baseline 0.002 -10"><span class='ocrx_word' id='word_1_247' title='bbox 301 2036 315 2055; x_wconf 94' lang='lat'>1</span> <span class='ocrx_word' id='word_1_248' title='bbox 342 2027 481 2066; x_wconf 82' lang='lat' dir='ltr'><strong>perinde</strong></span> <span class='ocrx_word' id='word_1_249' title='bbox 502 2026 571 2066; x_wconf 67' lang='lat' dir='ltr'><strong>BX2&#39;</strong></span> <span class='ocrx_word' id='word_1_250' title='bbox 719 2037 738 2066; x_wconf 90' lang='lat'><strong>5</strong></span> <span class='ocrx_word' id='word_1_251' title='bbox 763 2028 885 2059; x_wconf 84' lang='lat' dir='ltr'><strong>iudicio</strong></span> <span class='ocrx_word' id='word_1_252' title='bbox 904 2031 927 2059; x_wconf 87' lang='grc' dir='ltr'>Σ</span> <span class='ocrx_word' id='word_1_253' title='bbox 1073 2029 1094 2056; x_wconf 89' lang='grc'>6</span> <span class='ocrx_word' id='word_1_254' title='bbox 1119 2027 1239 2058; x_wconf 83' lang='lat' dir='ltr'><strong>iudicia</strong></span> <span class='ocrx_word' id='word_1_255' title='bbox 1255 2026 1314 2058; x_wconf 78' lang='lat' dir='ltr'><strong>del.</strong></span> <span class='ocrx_word' id='word_1_256' title='bbox 1334 2026 1512 2058; x_wconf 74' lang='lat' dir='ltr'><strong>Manutius</strong></span> <span class='ocrx_word' id='word_1_257' title='bbox 1529 2027 1584 2066; x_wconf 48' lang='lat' dir='ltr'><strong>(cs,</strong></span> 
     </span>
     <span class='ocr_line' id='line_1_32' title="bbox 256 2068 1583 2112; baseline 0 -11"><span class='ocrx_word' id='word_1_258' title='bbox 256 2068 418 2110; x_wconf 75' lang='lat' dir='ltr'><strong>Zielinski,</strong></span> <span class='ocrx_word' id='word_1_259' title='bbox 432 2076 466 2110; x_wconf 74' lang='lat' dir='ltr'><strong>j).</strong></span> <span class='ocrx_word' id='word_1_260' title='bbox 489 2074 561 2111; x_wconf 65' lang='lat'>191)</span> <span class='ocrx_word' id='word_1_261' title='bbox 713 2073 733 2101; x_wconf 92' lang='lat'>8</span> <span class='ocrx_word' id='word_1_262' title='bbox 757 2071 838 2112; x_wconf 78' lang='lat' dir='ltr'><strong>quo]</strong></span> <span class='ocrx_word' id='word_1_263' title='bbox 857 2082 918 2112; x_wconf 89' lang='lat' dir='ltr'><strong>pro</strong></span> <span class='ocrx_word' id='word_1_264' title='bbox 938 2075 962 2102; x_wconf 85' lang='grc' dir='ltr'>Σ</span> <span class='ocrx_word' id='word_1_265' title='bbox 1050 2081 1152 2109; x_wconf 82' lang='lat' dir='ltr'><strong>agere</strong></span> <span class='ocrx_word' id='word_1_266' title='bbox 1172 2069 1332 2111; x_wconf 81' lang='lat' dir='ltr'><strong>Madvig:</strong></span> <span class='ocrx_word' id='word_1_267' title='bbox 1369 2071 1455 2101; x_wconf 85' lang='lat' dir='ltr'><strong>male</strong></span> <span class='ocrx_word' id='word_1_268' title='bbox 1479 2081 1583 2110; x_wconf 78' lang='lat' dir='ltr'><strong>agere</strong></span> 
     </span>
     <span class='ocr_line' id='line_1_33' title="bbox 255 2113 1581 2154; baseline 0.001 -11"><span class='ocrx_word' id='word_1_269' title='bbox 255 2113 342 2144; x_wconf 82' lang='lat' dir='ltr'><strong>codd.</strong></span> <span class='ocrx_word' id='word_1_270' title='bbox 444 2124 482 2143; x_wconf 90' lang='lat'><strong>10</strong></span> <span class='ocrx_word' id='word_1_271' title='bbox 506 2119 624 2153; x_wconf 83' lang='lat' dir='ltr'><strong>postea</strong></span> <span class='ocrx_word' id='word_1_272' title='bbox 641 2117 700 2144; x_wconf 73' lang='grc' dir='ltr'><strong>Σεῖ</strong></span> <span class='ocrx_word' id='word_1_273' title='bbox 728 2120 846 2154; x_wconf 82' lang='lat' dir='ltr'><strong>postea</strong></span> <span class='ocrx_word' id='word_1_274' title='bbox 862 2125 959 2154; x_wconf 83' lang='lat' dir='ltr'><strong>quam</strong></span> <span class='ocrx_word' id='word_1_275' title='bbox 976 2114 1031 2145; x_wconf 79' lang='lat' dir='ltr'><strong>b¹k</strong></span> <span class='ocrx_word' id='word_1_276' title='bbox 1049 2117 1179 2154; x_wconf 82' lang='lat' dir='ltr'><strong>(postea</strong></span> <span class='ocrx_word' id='word_1_277' title='bbox 1196 2125 1331 2154; x_wconf 86' lang='lat' dir='ltr'><strong>quoque</strong></span> <span class='ocrx_word' id='word_1_278' title='bbox 1349 2115 1422 2146; x_wconf 87' lang='lat' dir='ltr'><strong>vad.</strong></span> <span class='ocrx_word' id='word_1_279' title='bbox 1443 2115 1581 2145; x_wconf 85' lang='lat' dir='ltr'><strong>missum</strong></span> 
     </span>
     <span class='ocr_line' id='line_1_34' title="bbox 255 2156 1581 2197; baseline 0.002 -12"><span class='ocrx_word' id='word_1_280' title='bbox 255 2156 323 2195; x_wconf 61' lang='grc' dir='ltr'><strong>Βχ)</strong></span> <span class='ocrx_word' id='word_1_281' title='bbox 416 2167 549 2195; x_wconf 88' lang='lat' dir='ltr'><strong>quoque</strong></span> <span class='ocrx_word' id='word_1_282' title='bbox 567 2168 632 2190; x_wconf 78' lang='lat' dir='ltr'><strong>om.</strong></span> <span class='ocrx_word' id='word_1_283' title='bbox 653 2158 681 2190; x_wconf 67' lang='grc' dir='ltr'><strong>ς’</strong></span> <span class='ocrx_word' id='word_1_284' title='bbox 818 2168 852 2188; x_wconf 86' lang='lat'><strong>11</strong></span> <span class='ocrx_word' id='word_1_285' title='bbox 881 2159 911 2188; x_wconf 78' lang='lat' dir='ltr'><strong>vi</strong></span> <span class='ocrx_word' id='word_1_286' title='bbox 929 2169 993 2189; x_wconf 81' lang='lat' dir='ltr'><strong>om.</strong></span> <span class='ocrx_word' id='word_1_287' title='bbox 1013 2157 1067 2189; x_wconf 74' lang='grc' dir='ltr'><strong>ΣΙ)1</strong></span> <span class='ocrx_word' id='word_1_288' title='bbox 1208 2168 1244 2197; x_wconf 86' lang='lat'><strong>13</strong></span> <span class='ocrx_word' id='word_1_289' title='bbox 1270 2158 1302 2188; x_wconf 92' lang='lat' dir='ltr'><strong>id</strong></span> <span class='ocrx_word' id='word_1_290' title='bbox 1321 2158 1479 2188; x_wconf 87' lang='lat' dir='ltr'><strong>iudicium</strong></span> <span class='ocrx_word' id='word_1_291' title='bbox 1497 2156 1554 2188; x_wconf 66' lang='lat'><strong>211¹</strong></span> <span class='ocrx_word' id='word_1_292' title='bbox 1573 2169 1581 2188; x_wconf 71' lang='grc' dir='ltr'><em>τ</em></span> 
     </span>
     <span class='ocr_line' id='line_1_35' title="bbox 255 2199 1580 2241; baseline 0.002 -13"><span class='ocrx_word' id='word_1_293' title='bbox 255 2199 410 2229; x_wconf 84' lang='lat' dir='ltr'><strong>iudicium</strong></span> <span class='ocrx_word' id='word_1_294' title='bbox 431 2200 463 2229; x_wconf 85' lang='lat' dir='ltr'><strong>id</strong></span> <span class='ocrx_word' id='word_1_295' title='bbox 481 2204 544 2231; x_wconf 75' lang='lat' dir='ltr'><strong>cett.</strong></span> <span class='ocrx_word' id='word_1_296' title='bbox 697 2210 734 2240; x_wconf 86' lang='lat'><strong>15</strong></span> <span class='ocrx_word' id='word_1_297' title='bbox 759 2202 913 2241; x_wconf 78' lang='lat' dir='ltr'><strong>repudiet</strong></span> <span class='ocrx_word' id='word_1_298' title='bbox 931 2207 964 2232; x_wconf 86' lang='lat' dir='ltr'><strong>et</strong></span> <span class='ocrx_word' id='word_1_299' title='bbox 984 2200 1147 2233; x_wconf 73' lang='lat' dir='ltr'><strong>Garatoni</strong></span> <span class='ocrx_word' id='word_1_300' title='bbox 1295 2202 1333 2232; x_wconf 90' lang='lat'><strong>18</strong></span> <span class='ocrx_word' id='word_1_301' title='bbox 1357 2201 1580 2232; x_wconf 82' lang='lat' dir='ltr'><strong>advocatione</strong></span> 
     </span>
     <span class='ocr_line' id='line_1_36' title="bbox 258 2242 1579 2284; baseline 0.002 -13"><span class='ocrx_word' id='word_1_302' title='bbox 258 2242 392 2279; x_wconf 79' lang='lat' dir='ltr'><strong>copiosa</strong></span> <span class='ocrx_word' id='word_1_303' title='bbox 411 2243 462 2273; x_wconf 64' lang='grc' dir='ltr'><strong>Σὺ]</strong></span> <span class='ocrx_word' id='word_1_304' title='bbox 554 2253 597 2274; x_wconf 82' lang='lat'><strong>20</strong></span> <span class='ocrx_word' id='word_1_305' title='bbox 620 2243 760 2282; x_wconf 87' lang='lat' dir='ltr'><strong>ingratis</strong></span> <span class='ocrx_word' id='word_1_306' title='bbox 774 2246 849 2284; x_wconf 61' lang='lat' dir='ltr'><strong>x‘a‘:</strong></span> <span class='ocrx_word' id='word_1_307' title='bbox 876 2246 1006 2283; x_wconf 80' lang='lat' dir='ltr'><strong>ingrato</strong></span> <span class='ocrx_word' id='word_1_308' title='bbox 1024 2245 1068 2276; x_wconf 74' lang='grc' dir='ltr'><strong>Σὺ</strong></span> <span class='ocrx_word' id='word_1_309' title='bbox 1085 2257 1090 2275; x_wconf 88' lang='lat'>:</span> <span class='ocrx_word' id='word_1_310' title='bbox 1116 2245 1268 2284; x_wconf 82' lang='lat' dir='ltr'><strong>ingratiis</strong></span> <span class='ocrx_word' id='word_1_311' title='bbox 1288 2244 1442 2275; x_wconf 79' lang='lat' dir='ltr'><strong>Cm&#39;acz&#39;us</strong></span> <span class='ocrx_word' id='word_1_312' title='bbox 1537 2253 1579 2283; x_wconf 82' lang='lat'><strong>23</strong></span> 
     </span>
     <span class='ocr_line' id='line_1_37' title="bbox 255 2285 1580 2325; baseline 0.005 -11"><span class='ocrx_word' id='word_1_313' title='bbox 255 2285 435 2325; x_wconf 82' lang='lat' dir='ltr'><strong>iactentur]</strong></span> <span class='ocrx_word' id='word_1_314' title='bbox 455 2285 607 2317; x_wconf 79' lang='lat' dir='ltr'><strong>locentur</strong></span> <span class='ocrx_word' id='word_1_315' title='bbox 625 2287 678 2318; x_wconf 69' lang='lat'><strong>211¹</strong></span> <span class='ocrx_word' id='word_1_316' title='bbox 828 2297 866 2325; x_wconf 79' lang='lat'><strong>25</strong></span> <span class='ocrx_word' id='word_1_317' title='bbox 893 2299 928 2318; x_wconf 83' lang='lat' dir='ltr'><strong>se</strong></span> <span class='ocrx_word' id='word_1_318' title='bbox 948 2289 1050 2319; x_wconf 80' lang='lat' dir='ltr'><strong>dedat</strong></span> <span class='ocrx_word' id='word_1_319' title='bbox 1066 2288 1184 2320; x_wconf 71' lang='lat' dir='ltr'><strong>Klotz:</strong></span> <span class='ocrx_word' id='word_1_320' title='bbox 1209 2290 1327 2320; x_wconf 83' lang='lat' dir='ltr'><strong>sedeat</strong></span> <span class='ocrx_word' id='word_1_321' title='bbox 1342 2287 1431 2319; x_wconf 87' lang='lat' dir='ltr'><strong>codd.</strong></span> <span class='ocrx_word' id='word_1_322' title='bbox 1452 2300 1458 2318; x_wconf 74' lang='grc' dir='ltr'>ε</span> <span class='ocrx_word' id='word_1_323' title='bbox 1483 2287 1580 2320; x_wconf 82' lang='lat' dir='ltr'><strong>cedat</strong></span> 
     </span>
     <span class='ocr_line' id='line_1_38' title="bbox 255 2327 1536 2374; baseline 0.003 -16"><span class='ocrx_word' id='word_1_324' title='bbox 255 2327 449 2368; x_wconf 71' lang='lat' dir='ltr'><strong>Naugerius</strong></span> <span class='ocrx_word' id='word_1_325' title='bbox 468 2333 511 2368; x_wconf 59' lang='lat'><strong>(1,</strong></span> <span class='ocrx_word' id='word_1_326' title='bbox 649 2333 688 2361; x_wconf 67' lang='lat'><strong>26</strong></span> <span class='ocrx_word' id='word_1_327' title='bbox 715 2340 915 2362; x_wconf 81' lang='lat' dir='ltr'><strong>consensum</strong></span> <span class='ocrx_word' id='word_1_328' title='bbox 937 2330 992 2362; x_wconf 50' lang='lat' dir='ltr'><strong>{bl</strong></span> <span class='ocrx_word' id='word_1_329' title='bbox 1085 2343 1124 2371; x_wconf 67' lang='grc' dir='ltr'><strong>Ξ]</strong></span> <span class='ocrx_word' id='word_1_330' title='bbox 1152 2332 1268 2374; x_wconf 80' lang='lat' dir='ltr'><strong>atque]</strong></span> <span class='ocrx_word' id='word_1_331' title='bbox 1288 2331 1332 2363; x_wconf 82' lang='lat' dir='ltr'><strong>ad</strong></span> <span class='ocrx_word' id='word_1_332' title='bbox 1349 2335 1372 2364; x_wconf 87' lang='grc' dir='ltr'>Σ</span> <span class='ocrx_word' id='word_1_333' title='bbox 1389 2343 1396 2362; x_wconf 91' lang='lat'>:</span> <span class='ocrx_word' id='word_1_334' title='bbox 1420 2342 1484 2363; x_wconf 61' lang='lat' dir='ltr'><strong>om„</strong></span> <span class='ocrx_word' id='word_1_335' title='bbox 1502 2329 1536 2362; x_wconf 81' lang='lat' dir='ltr'><strong>b¹</strong></span> 
     </span>
    </p>
   </div>
   <div class='ocr_carea' id='block_1_7' title="bbox 1604 430 1622 462">
    <p class='ocr_par' dir='ltr' id='par_1_7' title="bbox 1604 430 1622 462">
     <span class='ocr_line' id='line_1_39' title="bbox 1604 430 1622 462; baseline 0 0"><span class='ocrx_word' id='word_1_336' title='bbox 1604 430 1622 462; x_wconf 88' lang='lat'>5</span> 
     </span>
    </p>
   </div>
   <div class='ocr_carea' id='block_1_8' title="bbox 1607 757 1643 780">
    <p class='ocr_par' dir='ltr' id='par_1_8' title="bbox 1607 757 1643 780">
     <span class='ocr_line' id='line_1_40' title="bbox 1607 757 1643 780; baseline 0 0"><span class='ocrx_word' id='word_1_337' title='bbox 1607 757 1643 780; x_wconf 90' lang='lat'><strong>10</strong></span> 
     </span>
    </p>
   </div>
   <div class='ocr_carea' id='block_1_9' title="bbox 1610 1083 1646 1115">
    <p class='ocr_par' dir='ltr' id='par_1_9' title="bbox 1610 1083 1646 1115">
     <span class='ocr_line' id='line_1_41' title="bbox 1610 1083 1646 1115; baseline 0 0"><span class='ocrx_word' id='word_1_338' title='bbox 1610 1083 1646 1115; x_wconf 88' lang='lat'><strong>¹5</strong></span> 
     </span>
    </p>
   </div>
   <div class='ocr_carea' id='block_1_10' title="bbox 1605 1413 1646 1436">
    <p class='ocr_par' dir='ltr' id='par_1_10' title="bbox 1605 1413 1646 1436">
     <span class='ocr_line' id='line_1_42' title="bbox 1605 1413 1646 1436; baseline -0.024 0"><span class='ocrx_word' id='word_1_339' title='bbox 1605 1413 1646 1436; x_wconf 82' lang='lat'><strong>20</strong></span> 
     </span>
    </p>
   </div>
   <div class='ocr_carea' id='block_1_11' title="bbox 1604 1738 1644 1770">
    <p class='ocr_par' dir='ltr' id='par_1_11' title="bbox 1604 1738 1644 1770">
     <span class='ocr_line' id='line_1_43' title="bbox 1604 1738 1644 1770; baseline 0 0"><span class='ocrx_word' id='word_1_340' title='bbox 1604 1738 1644 1770; x_wconf 82' lang='lat'><strong>²5</strong></span> 
     </span>
    </p>
   </div>
  </div>
 </body>
</html>
