1747 2620
154 103 263 144 2561
594 99 639 135 M
683 98 851 135 TVLLI
883 98 1191 137 CICERONIS

225 205 531 247 innumerabiles
550 208 615 247 alii
640 207 798 248 levitate
827 216 866 247 et
895 208 1111 260 cupiditate
1131 211 1321 249 commoti
1341 209 1555 261 triumpha-

224 279 324 319 runt,
344 287 390 310 ex
410 287 457 311 ea
476 273 532 312 sic
552 273 649 312 redii
671 281 713 312 ut
733 275 784 312 ad
806 282 959 324 portam
978 273 1225 324 Esquilinam
1247 274 1553 314 Macedonicam

224 336 396 375 lauream
426 338 702 386 conculcarim,
727 338 811 389 ipse
831 353 923 378 cum
942 339 1172 378 hominibus
1193 339 1422 390 quindecim
1454 342 1554 379 male

223 401 370 440 vestitis
390 404 441 441 ad
461 411 615 454 portam
645 404 988 444 Caelimontanam
1014 404 1148 443 sitiens
1174 404 1418 455 pervenerim
1436 420 1446 453 3
1474 419 1555 456 quo

224 465 263 504 in
290 468 379 505 loco
409 467 506 505 mihi
535 468 696 507 libertus
721 471 923 519 praeclaro
953 469 1181 520 imperatori
1211 472 1376 509 domum
1406 484 1452 508 ex
1481 471 1555 508 hac
1574 482 1591 514 5

224 531 288 571 die
318 532 441 572 biduo
469 541 561 573 ante
591 536 859 582 conduxerat3
888 549 989 585 quae
1014 549 1137 574 vacua
1168 535 1200 574 si
1232 549 1314 574 non
1343 535 1490 583 fuisset,
1514 535 1554 574 in

224 612 366 648 campo
388 599 534 638 Martio
562 600 658 638 mihi
685 600 985 639 tabernaculum
1012 603 1294 640 conlocassem.
1356 602 1554 640 Nummus

224 663 373 703 interea
402 665 510 712 mihi,
536 667 691 714 Caesar,
715 666 904 717 neglectis
934 667 1090 705 ferculis
1120 666 1424 718 triumphalibus
1444 667 1554 707 domi

224 737 357 768 manet
386 738 425 769 et
454 731 641 770 manebit.
702 731 894 770 Rationes
923 733 975 770 ad
1004 732 1196 771 aerarium
1226 732 1427 780 continuo,
1454 732 1555 772 sicut

223 803 291 834 tua
310 797 372 834 lex
391 795 566 845 iubebat,
587 797 722 845 detuli,
747 811 877 848 neque
896 797 972 836 alia
993 799 1071 836 ulla
1091 797 1131 836 in
1159 812 1199 837 re
1224 798 1301 848 legi
1319 806 1410 837 tuae
1430 798 1554 849 parui.
1576 812 1614 835 10

224 862 334 910 Quas
355 860 525 900 rationes
546 862 577 900 si
598 862 791 913 cognoris,
814 863 1017 914 intelleges
1038 863 1187 902 nemini
1209 865 1296 914 plus
1318 877 1437 913 quam
1458 863 1554 902 mihi

223 925 369 965 litteras
390 927 593 977 profuisse.
656 930 718 967 Ita
741 928 847 967 enim
877 937 969 967 sunt
998 929 1236 980 perscriptae
1266 928 1362 968 scite
1392 936 1430 968 et
1459 929 1556 968 litte-

222 1000 303 1031 rate
350 1000 392 1031 ut
440 994 566 1032 scriba
603 996 655 1034 ad
692 994 883 1034 aerarium
923 995 991 1045 qui
1039 1009 1104 1034 eas
1148 995 1295 1035 rettulit
1333 995 1555 1047 perscriptis

222 1057 438 1097 rationibus
487 1073 623 1098 secum
671 1060 755 1111 ipse
803 1068 921 1111 caput
964 1060 1120 1100 sinistra
1176 1074 1296 1100 manu
1344 1060 1555 1112 perfricans

222 1133 580 1164 commurmuratus
602 1125 651 1164 sit
671 1142 677 1165 :
1577 1137 1614 1169 15

342 1200 462 1240 ‘ratio
492 1201 653 1253 quidem
684 1204 815 1242 hercle
844 1210 1020 1254 apparet,
1048 1210 1254 1254 argentum
1285 1204 1447 1256 οἴχεται.’

223 1278 313 1315 Hac
341 1285 381 1316 tu
412 1278 588 1318 oratione
617 1293 698 1318 non
728 1279 869 1319 dubito
899 1280 994 1330 quin
1025 1278 1135 1318 illum
1165 1280 1242 1319 iarn
1273 1282 1553 1320 escendentem

223 1341 263 1379 in
284 1356 440 1381 currum
462 1358 643 1383 revocare
664 1344 801 1395 possis.

150 1390 204 1426 ²6
277 1408 314 1446 O
346 1409 544 1457 tenebrae,
565 1423 589 1447 o
618 1409 756 1457 lutum,
780 1424 803 1449 o
834 1411 980 1458 sordes,
1003 1426 1027 1450 o
1057 1411 1208 1462 paterni
1237 1413 1390 1463 generis
1420 1412 1551 1460 oblite,

161 1450 200 1480 6³
223 1473 387 1512 materni
412 1474 474 1512 vix
500 1479 673 1514 memor!
708 1475 762 1514 ita
781 1476 915 1515 nescio
941 1475 1036 1526 quid
1065 1476 1165 1515 istuc
1193 1478 1369 1524 fractum,
1392 1477 1552 1525 humile,
1575 1493 1615 1514 20

221 1538 454 1587 demissum,
490 1540 706 1588 sordidum,
744 1540 903 1580 inferius
936 1541 1055 1580 etiarn
1090 1550 1148 1581 est
1179 1556 1297 1593 quam
1329 1551 1371 1582 ut
1402 1543 1554 1582 Medio-

222 1604 371 1643 lanensi
388 1619 591 1655 praecone,
608 1620 682 1645 avo
698 1614 777 1654 tuo,
794 1607 957 1657 dignum
975 1621 1060 1646 esse
1075 1607 1260 1647 videatur.
1318 1610 1361 1647 L.
1377 1610 1554 1655 Crassus,

221 1670 343 1709 homo
372 1670 682 1721 sapientissimus
713 1680 868 1711 nostrae
898 1672 1075 1720 civitatis,
1103 1673 1272 1724 specillis
1302 1687 1424 1724 prope
1454 1687 1554 1712 scru-

222 1742 324 1774 tatus
351 1744 408 1775 est
431 1735 540 1786 Alpis
562 1744 616 1784 ut,
638 1736 704 1775 ubi
734 1737 857 1776 hostis
885 1752 966 1776 non
994 1746 1084 1786 erat,
1108 1738 1162 1777 ibi
1188 1738 1373 1788 triumphi
1395 1752 1552 1777 causam

221 1801 391 1851 aliquam
427 1810 652 1852 quaereret3
695 1804 833 1842 eadem
870 1803 1085 1854 cupiditate
1115 1802 1171 1842 vir
1205 1817 1361 1842 summo
1396 1802 1553 1854 ingenio
1574 1810 1612 1844 25

221 1866 430 1917 praeditus,
468 1868 512 1906 C.
551 1868 679 1914 Cotta,
719 1870 827 1906 nullo
863 1877 970 1907 certo
1009 1870 1121 1908 hoste
1161 1868 1345 1920 flagravit.
1407 1871 1553 1907 Eorum

221 1938 358 1970 neuter
378 1931 642 1982 triumphavit,
659 1934 767 1983 quod
789 1933 898 1973 alteri
920 1934 1029 1972 illum
1047 1935 1238 1974 honorem
1253 1936 1429 1985 conlega,
1445 1933 1552 1973 alteri

269 2046 282 2066 1
309 2035 445 2067 levitate
463 2042 497 2068 et
518 2037 568 2067 V:
592 2037 657 2068 levi
678 2041 743 2068 ccll.
901 2048 920 2077 3
947 2038 1050 2080 male]
1067 2051 1085 2069 a
1103 2039 1188 2069 male
1210 2039 1258 2069 V:
1286 2049 1324 2069 ac
1342 2038 1426 2068 male
1442 2037 1552 2068 Halm

224 2089 241 2119 7
267 2080 415 2111 marciali
436 2079 469 2110 V
618 2083 638 2111 8
663 2082 705 2112 mi
731 2081 764 2111 P
871 2081 1008 2112 ferculis
1026 2082 1113 2113 PV:
1137 2082 1299 2113 vehiculis
1324 2085 1386 2113 cell.
1531 2092 1552 2120 9

223 2124 379 2154 continuo
397 2147 404 2154 .
426 2147 433 2153 .
455 2148 461 2154 .
483 2124 618 2155 iubebat
642 2125 742 2155 detuli
765 2125 812 2155 V:
846 2126 942 2155 retuli
970 2126 1128 2156 continuo
1145 2149 1151 2156 .
1171 2150 1178 2157 .
1200 2150 1206 2157 .
1231 2126 1366 2156 iubebat
1391 2128 1453 2156 cell.
1482 2125 1549 2161 (P)

227 2169 264 2197 16
288 2165 410 2206 οἴχεται
429 2167 620 2207 Naugerius
638 2170 688 2205 (15
707 2180 713 2198 :
740 2169 878 2209 oechctg
894 2169 931 2208 V,
946 2173 973 2198 cl
985 2180 1064 2202 (017¹.
1080 2170 1112 2200 1⁹11
1130 2182 1153 2199 ω
1171 2180 1177 2199 :
1203 2175 1235 2200 ct
1254 2170 1386 2200 doctum
1405 2173 1437 2198 te
1455 2169 1551 2198 thece

224 2211 341 2249 (chere
359 2211 445 2251 cus-ff)
456 2215 520 2242 cett.
536 2212 653 2252 (dcficit
665 2212 708 2241 Ρ)
860 2222 895 2251 ¹7
923 2218 977 2242 tua
1000 2213 1031 2241 V
1116 2213 1179 2243 iam
1198 2225 1262 2243 0111.
1285 2211 1350 2243 FN
1437 2222 1552 2242 escen-

224 2254 361 2285 dentem
378 2254 429 2285 P:
454 2256 694 2286 ascendentem
713 2260 774 2285 (cll.
962 2258 996 2286 18
1022 2267 1179 2287 revocare
1198 2257 1310 2296 possis
1327 2256 1407 2287 PV:
1442 2256 1552 2294 possis

225 2307 383 2329 revocare
401 2301 466 2330 cett.
648 2310 685 2337 19
709 2310 728 2329 o
753 2299 888 2339 sordes]
915 2301 1035 2330 sordes
1052 2301 1084 2330 P
1257 2311 1298 2330 20
1322 2311 1341 2330 o
1364 2300 1504 2330 materni
1524 2299 1554 2328 Ρ

226 2342 311 2373 istud
335 2342 366 2371 V
493 2353 535 2383 23
558 2343 706 2382 specillis
724 2342 882 2381 Madmgr:
913 2343 1051 2382 pccullis
1071 2343 1165 2384 (-ulis
1186 2343 1244 2383 ΙΝ)
1272 2344 1317 2372 V:
1344 2343 1487 2382 speculis
1505 2354 1526 2379 γ
1546 2352 1552 2371 :

230 2385 362 2425 spiculis
379 2390 443 2416 cclt.
590 2388 631 2416 26
655 2388 690 2417 C.
709 2398 772 2417 0111.
792 2386 876 2418 codd.
899 2388 1036 2417 ,Iswm't'
1175 2398 1214 2426 27
1240 2387 1346 2428 quod]
1365 2396 1502 2426 quorum
1527 2385 1558 2415 V
