1747 2620
148 76 195 114 19
218 81 258 113 45
586 65 644 103 M.
675 65 844 103 TVLLI
875 63 1183 103 CICERONIS

215 191 354 217 censor
383 178 465 225 fuit,
498 177 772 217 Temnitarum
802 184 1001 228 patronuS,
1035 176 1180 215 litteras
1209 175 1391 225 misisset,
1423 178 1547 215 Hera-

150 249 192 292 46
215 244 359 284 elidam
393 244 512 283 istum
547 243 690 282 Temni
723 250 862 293 postea
899 255 1019 280 nemo
1053 241 1162 280 vidit.
1221 243 1355 292 Atque
1388 249 1431 280 ut
1462 242 1546 281 eius

215 309 502 360 impudentiam
532 308 752 358 perspicere
780 307 946 358 possitiS,
971 320 1130 345 causam
1151 306 1276 357 ipsam
1307 321 1408 357 quae
1437 307 1546 346 levis-

215 375 303 413 simi
333 374 503 413 hominis
532 374 710 412 animum
734 373 773 411 in
796 374 982 411 Flaccum
1012 372 1197 419 incitavit,
1222 386 1380 423 quaeso,
1403 386 1546 423 cogno-

138 452 191 482 20
215 440 320 479 scite.
382 440 567 478 Fundum
597 440 816 489 Cymaeum
847 439 1001 476 Romae
1032 446 1226 476 mercatus
1247 446 1305 477 est
1324 439 1375 477 de
1395 438 1545 489 pupillo
1565 452 1582 484 5

215 505 456 545 Meculonio.
518 506 622 544 Cum
661 503 789 543 verbis
829 517 870 543 se
909 505 1148 554 locupletem
1187 505 1342 552 faceret,
1383 505 1545 544 haberet

214 572 311 611 nihil
349 579 500 622 praeter
535 571 640 609 illam
676 569 965 621 impudentiam
997 583 1118 620 quam
1151 568 1302 617 videtis,
1334 569 1544 620 pecuniam

213 638 379 689 sumpsit
410 645 587 676 mutuam
613 650 636 674 a
663 638 748 675 Sex.
772 637 916 686 siloga,
938 634 1068 673 iudice
1089 636 1166 673 hoc
1192 642 1337 682 nostro,
1361 635 1544 685 primario

212 703 305 750 viro,
340 702 407 753 qui
441 710 479 741 et
511 716 593 740 rem
632 701 810 751 agnoscit
850 713 982 750 neque
1014 699 1218 738 hominem
1258 700 1436 750 ignorat3
1474 700 1543 750 qui

212 777 345 807 tamen
376 768 543 807 credidit
585 769 625 805 P.
664 766 775 804 Fulvi
816 765 962 811 Nerati,
999 765 1200 803 lectissimi
1235 765 1417 812 hominis,
1452 766 1540 804 fide.
1566 779 1603 800 10

213 834 261 872 Ei
301 847 391 872 cum
431 835 607 879 solveret,
641 831 807 881 sumpsit
837 844 860 869 a
890 832 934 870 C.
970 832 1026 868 M.
1062 830 1194 878 Fufiis,
1227 831 1426 881 equitibus
1467 833 1544 869 Ro-

212 901 349 948 manis,
395 898 587 950 primariis
630 897 731 937 viris.
810 897 891 935 Hic
939 897 1098 935 hercule
1144 897 1314 936 ‘cornici
1359 898 1544 945 oculum,’

210 973 253 1004 ut
284 964 437 1004 dicitur.
497 965 601 1002 Nam
637 964 743 1001 bunc
775 961 1054 1012 Hermippum,
1091 962 1295 1000 hominem
1331 962 1541 1010 eruditum,

211 1031 336 1069 civem
366 1044 492 1077 suum,
521 1029 584 1067 cui
614 1029 787 1068 debebat
817 1042 901 1067 esse
923 1027 1162 1075 notissimus,
1186 1027 1386 1078 percussit.
1447 1028 1542 1066 Eius

210 1097 316 1136 enim
342 1097 420 1135 fide
448 1095 614 1146 sumpsit
641 1109 663 1133 a
692 1094 823 1133 Fufiis.
885 1096 1052 1133 Securus
1075 1093 1320 1144 Hermippus
1341 1095 1541 1132 Temnum
1567 1107 1600 1138 ¹5

212 1162 482 1213 proficiscitur,
526 1175 616 1199 cum
665 1160 737 1199 iste
785 1174 826 1199 se
875 1159 1084 1211 pecuniam
1133 1173 1252 1210 quam
1300 1159 1415 1199 huius
1463 1161 1542 1200 fide

211 1235 430 1278 sumpserat
469 1241 492 1265 a
530 1226 732 1277 discipulis
772 1226 851 1265 suis
892 1226 1040 1265 diceret
1079 1225 1199 1264 Fufiis
1238 1228 1538 1276 persoluturum.

130 1290 189 1338 '47
213 1294 401 1332 Habebat
436 1292 541 1331 enim
576 1294 706 1330 rhetor
737 1292 809 1331 iste
842 1292 1057 1342 discipulos
1092 1293 1287 1342 quosdam
1320 1293 1538 1343 locupletis,

209 1373 309 1410 quos
330 1358 497 1398 dimidio
519 1359 699 1396 redderet
720 1357 916 1396 stultiores
937 1371 1056 1408 quam
1080 1365 1284 1408 acceperat
1300 1372 1311 1405 3
1339 1358 1539 1397 neminem

208 1431 339 1463 tamen
369 1425 470 1463 adeo
492 1423 681 1461 infatuare
703 1423 831 1474 potuit
852 1431 893 1462 ut
920 1423 954 1462 ei
977 1437 1184 1461 nummum
1206 1425 1329 1462 ullum
1350 1425 1535 1463 crederet.
1559 1438 1600 1461 20

208 1491 347 1540 Itaque
374 1503 464 1528 cum
498 1491 628 1528 Roma
645 1477 751 1527 clam
773 1497 874 1528 esset
895 1490 1093 1540 profectus
1122 1490 1347 1539 multosque
1378 1489 1538 1529 minutis

206 1555 518 1594 mutuationibus
552 1554 817 1601 fraudavisset,
854 1554 893 1592 in
924 1554 1058 1592 Asiam
1092 1554 1198 1593 venit
1232 1554 1537 1606 Hermippoque

204 1621 450 1672 percontanti
481 1622 532 1659 de
562 1620 724 1659 nomine
759 1621 925 1658 Fufiano
946 1619 1149 1670 respondit
1170 1633 1211 1658 se
1232 1633 1391 1658 omnem
1422 1634 1537 1671 pecu-

204 1687 309 1725 niam
346 1686 465 1725 Fufiis
499 1686 742 1736 persolvisse.
807 1685 981 1732 Interim,
1019 1699 1149 1735 neque
1184 1685 1236 1723 ita
1271 1688 1389 1736 longo
1423 1686 1536 1725 inter-

203 1753 316 1799 vallo,
340 1752 501 1790 libertus
534 1765 556 1790 a
587 1751 707 1789 Fufiis
738 1764 829 1790 cum
860 1750 995 1789 litteris
1025 1752 1076 1789 ad
1107 1751 1373 1801 Hermippum
1404 1752 1536 1800 venit3
1556 1766 1594 1797 25

250 1867 261 1887 1
292 1856 507 1888 Heraclidem
526 1856 628 1897 ΣΒχι·
785 1868 803 1887 2
829 1862 947 1898 postea
965 1868 1062 1888 nemo
1084 1857 1119 1890 V.
1141 1857 1248 1888 Scl1ol.
1267 1868 1273 1888 ι
1300 1867 1398 1887 nemo
1417 1862 1534 1896 postea

201 1904 264 1931 cett.
373 1911 391 1940 5
417 1900 561 1942 pupillo]
582 1901 707 1941 populo
724 1912 760 1932 c:
788 1902 823 1932 P.
849 1900 989 1932 Vrsinus
1099 1902 1119 1932 8
1144 1906 1287 1932 mutuam
1307 1900 1359 1931 B:
1386 1906 1533 1932 mutuum

202 1945 299 1984 l1¹xct
324 1949 391 1975 tum
414 1943 488 1974 ka
579 1945 695 1984 Stloga
716 1946 897 1976 Garatoni:
924 1945 1030 1984 siloga
1051 1945 1096 1975 V:
1125 1945 1209 1975 stola
1226 1948 1290 1976 cell.
1416 1955 1454 1975 10
1480 1945 1532 1986 R]

204 1989 240 2019 L.
260 1987 367 2019 Schol.
465 1988 580 2019 Nerati
605 1989 660 2026 Vk,
681 1989 790 2021 Scltol.
812 2001 818 2019 z
842 1987 970 2019 Ver'atii
991 1990 1072 2019 t-tus
1091 1992 1129 2027 Σ)
1148 1992 1212 2019 cett.
1306 1989 1380 2021 fide.
1425 1988 1463 2018 Ei
1485 1988 1533 2019 l':

205 2033 291 2063 fidei.
342 2032 372 2062 Is
390 2035 451 2063 cett.
597 2043 630 2062 11
658 2044 676 2063 a
695 2033 730 2064 C.
753 2033 795 2064 M.
821 2032 883 2063 Vc:
907 2032 1038 2063 ACMA
1058 2036 1101 2066 Σ;
1127 2044 1145 2063 a
1164 2033 1199 2064 C.
1221 2032 1265 2063 M.
1285 2043 1304 2063 a
1322 2033 1385 2071 Xk:
1408 2043 1427 2063 a
1445 2032 1481 2063 C.
1500 2038 1533 2063 ct

205 2076 247 2107 M.
269 2076 286 2105 Ι)
377 2075 480 2106 Fufiis
501 2076 570 2115 (Ais
594 2076 635 2111 V]
663 2075 714 2107 V}
733 2089 738 2106 :
766 2076 872 2106 Fusiis
888 2080 950 2107 cett.
1078 2087 1115 2106 12
1140 2077 1251 2107 hercle
1267 2076 1375 2108 Sclzol.
1497 2087 1532 2115 15

204 2131 220 2150 a
237 2130 300 2150 om.
326 2119 358 2148 V
446 2122 484 2150 16
509 2130 545 2150 se
567 2120 613 2150 V:
638 2130 713 2150 sese
731 2123 794 2151 cett.
904 2130 937 2159 17
966 2120 1073 2150 Fusiis
1091 2120 1196 2159 Bsffi:
1224 2120 1317 2151 Fufio
1338 2120 1403 2154 {Fi-
1421 2121 1458 2161 Σ)
1480 2120 1533 2151 V}

206 2164 242 2193 18
268 2163 452 2202 discipulos
477 2163 583 2194 Scliol.
611 2167 640 2193 et
663 2164 825 2195 Arusian.
849 2164 890 2195 K.
912 2164 966 2194 vii.
989 2169 1022 2203 p.
1053 2166 1138 2203 465:
1181 2163 1415 2194 adulescentes
1443 2164 1530 2195 codd.

206 2217 243 2245 19
268 2213 443 2246 acceperat
472 2207 507 2239 V.
532 2207 718 2238 Arusimu:
758 2208 812 2237 ubi
840 2207 919 2237 nihil
938 2206 1068 2246 possint
1098 2212 1185 2245 ‹x-ent
1209 2207 1286 2244 ΒΕΓ)
1312 2208 1442 2238 discere
1468 2208 1530 2238 nisi

204 2251 426 2289 ignorantiam
446 2251 631 2281 litterarum
650 2250 723 2281 add.
746 2255 808 2281 ccH.
929 2261 970 2281 ρο
994 2256 1107 2281 tamen
1129 2251 1164 2290 V,
1185 2251 1345 2281 Arusi'an.
1365 2262 1372 2281 t
1396 2252 1531 2289 quidem

203 2297 267 2324 cell.
340 2304 509 2324 nummum
528 2295 749 2324 concrederet
764 2295 926 2325 Arusian.
1020 2304 1060 2332 23
1085 2295 1321 2333 percunctanti
1336 2294 1393 2335 (-ei
1411 2294 1452 2334 V)
1470 2294 1530 2324 V}

205 2337 381 2376 pecuniam
397 2360 404 2368 .
428 2360 436 2369 .
456 2360 464 2368 .
485 2338 517 2367 in
538 2348 572 2368 re
589 2339 632 2368 sit
653 2338 683 2377 (ᾗ
704 2339 759 2377 53)
782 2337 864 2377 ka,
885 2338 902 2367 b
920 2338 951 2368 in
968 2349 1033 2378 mg.
1057 2349 1063 2368 :
1087 2349 1152 2370 om.
1171 2341 1235 2369 cett.
