1747 2620
180 39 222 65 12
243 45 287 76 40
614 30 669 67 M.
701 29 868 66 TVLLI
901 27 1207 66 CICERONIS

182 479 220 510 41

186 1297 229 1334 13

187 1357 226 1388 42

241 146 278 177 et
313 152 378 177 sex
414 138 615 177 mensibus
649 151 754 177 vero.
788 151 876 174 cum
913 136 980 174 tibi
1015 135 1160 173 cotidie
1188 143 1361 185 potestas
1396 135 1570 175 hominis

241 205 374 243 fuisset
418 202 673 249 admonendi,
717 203 877 240 verbnm
924 203 1074 239 nullum
1119 200 1237 247 sacis;
1285 200 1447 239 biennio
1492 201 1569 240 iam

241 271 421 308 confecto
462 270 540 307 fere
580 269 764 318 appellas.
837 267 937 316 Quis
976 274 1056 304 tam
1095 266 1271 316 perditus
1309 279 1354 305 ac
1388 268 1569 317 profusus

242 347 364 384 nepos
405 347 485 372 non
523 334 643 371 adesa
682 332 758 370 iam
798 334 867 370 sed
905 331 1124 370 abundanti
1156 331 1275 370 etiam
1313 331 1482 383 pecunia
1515 332 1570 371 sic

242 399 454 438 dissolutus
490 398 625 436 fuisset
665 404 706 436 ut
741 397 812 435 fuit
851 398 936 435 Sex.
971 396 1174 435 Naevius?
1231 398 1334 436 Cum
1366 397 1570 436 hominem

243 463 417 511 nomino,
440 463 531 502 satis
554 462 649 501 mihi
666 463 801 502 videor
821 462 962 501 dicere.
1015 461 1164 500 Debuit
1185 461 1255 500 tibi
1277 463 1322 502 G.
1347 462 1569 511 Quinctius,

245 542 461 579 numquam
489 528 618 579 petisti
634 543 643 575 3
674 535 849 566 mortuus
882 534 938 565 est
967 527 1040 574 ille,
1065 540 1124 565 res
1151 528 1203 566 ad
1230 528 1416 566 heredem
1439 527 1545 566 venit
1561 543 1572 577 3

244 609 334 634 cum
362 608 451 634 eum
483 594 626 633 cotidie
647 594 809 641 videres,
833 601 921 643 post
952 592 1157 631 biennium
1184 593 1357 643 denique
1383 595 1569 645 appellas.

248 660 501 698 Dubitabitur
539 667 668 698 utrum
708 659 756 697 sit
791 658 1045 709 probabilius,
1084 660 1168 698 Sex.
1205 659 1399 698 Naevium
1440 659 1570 698 statim

244 726 273 763 si
309 725 404 776 quid
443 726 650 764 deberetur
683 724 896 775 petiturum
936 724 1066 771 fuisse,
1106 738 1156 763 an
1195 739 1245 763 ne
1282 726 1570 775 appellaturum

245 791 405 841 quidem
428 790 618 829 biennio?
666 789 903 840 Appellandi
926 798 1081 839 ternpus
1101 803 1183 829 non
1204 791 1314 829 erat?
1365 793 1417 828 At
1439 797 1571 829 tecum

246 858 331 906 plus
365 869 513 894 annum
548 855 651 894 vixit.
711 857 758 893 In
792 854 920 893 Gallia
948 855 1010 905 agi
1044 868 1124 894 non
1160 855 1320 906 potuit?
1376 857 1429 893 At
1460 863 1497 894 et
1533 854 1572 893 in

245 921 445 971 provincia
472 920 530 959 ius
558 920 762 959 dicebatur
789 928 827 959 et
857 922 1010 958 Romae
1041 920 1185 959 iudicia
1216 921 1372 959 fiebant.
1435 921 1573 959 Restat

245 995 286 1024 ut
306 994 372 1024 aut
394 999 547 1024 summa
563 985 809 1035 neglegentia
829 986 899 1024 tibi
917 985 1110 1024 obstiterit
1131 993 1197 1024 aut
1218 985 1335 1023 unica
1350 985 1570 1024 liberalitas.

247 1052 284 1090 Si
307 1051 592 1102 neglegentiam
619 1051 738 1098 dices,
762 1051 999 1099 mirabimur,
1023 1051 1053 1089 si
1079 1051 1308 1098 bonitatem,
1332 1050 1573 1099 ridebimus,

247 1130 375 1167 neque
414 1124 614 1167 praeterea
663 1116 758 1166 quid
798 1117 924 1167 possis
964 1116 1095 1155 dicere
1134 1116 1304 1155 invenio.
1375 1115 1474 1154 Satis
1515 1124 1573 1154 est

247 1182 464 1233 argumenti
494 1182 590 1220 nihil
621 1195 706 1220 esse
736 1181 914 1220 debitum
944 1181 1105 1229 Naevio,
1139 1182 1246 1232 quod
1274 1188 1353 1219 tam
1382 1180 1448 1220 diu
1476 1180 1574 1219 nihil

249 1247 394 1298 petivit.

305 1312 413 1362 Quid
438 1312 468 1351 si
500 1314 575 1352 hoc
606 1312 736 1362 ipsum
768 1314 877 1362 quod
902 1326 1007 1352 nunc
1031 1311 1123 1351 facit
1151 1313 1319 1351 ostendo
1346 1311 1574 1351 testimonio

248 1392 333 1417 esse
367 1378 462 1416 nihil
497 1378 661 1417 deberi?
718 1378 827 1427 Quid
860 1378 965 1416 enim
998 1391 1103 1416 nunc
1137 1378 1215 1428 agit
1250 1380 1335 1417 Sex.
1371 1378 1574 1417 Naevius?

249 1457 325 1493 qua
349 1445 399 1482 de
420 1457 459 1482 re
484 1443 747 1482 controversia
775 1445 862 1482 est?
892 1445 1000 1493 quod
1031 1451 1088 1482 est
1109 1445 1186 1481 hoc
1215 1443 1405 1481 iudicium
1427 1443 1467 1481 in
1494 1456 1574 1493 quo

248 1508 324 1546 iam
349 1508 553 1547 biennium
575 1511 803 1547 versamur?
833 1508 929 1558 quid
952 1509 1082 1559 negoti
1107 1509 1254 1558 geritur
1271 1508 1310 1546 in
1332 1522 1412 1558 quo
1432 1508 1496 1547 ille
1517 1516 1575 1546 tot

249 1581 287 1612 et
311 1573 396 1612 talis
417 1573 518 1612 viros
543 1573 758 1623 defatigat?
816 1573 1029 1612 Pecuniam
1058 1573 1164 1623 petit.
1226 1575 1344 1612 Nunc
1371 1573 1576 1624 denique?

189 1656 230 1687 43
250 1653 383 1678 verum
410 1647 541 1677 tamen
573 1647 706 1689 petat:
740 1639 956 1677 audiamus.
1020 1641 1081 1677 De
1110 1638 1325 1677 rationibus
1356 1646 1394 1677 et
1423 1646 1575 1677 contro-

249 1705 382 1743 versiis
413 1704 609 1743 societatis
644 1706 724 1742 volt
758 1704 975 1743 diiudicari.
1049 1706 1153 1751 Sero,
1191 1718 1325 1742 verum
1359 1703 1574 1754 aliquando

250 1778 405 1817 tamen3
448 1770 724 1808 concedamus.
787 1771 930 1815 ‘Non‚'
970 1769 1107 1819 inquit,
1148 1768 1209 1807 ‘id
1239 1782 1324 1818 ago,
1354 1770 1397 1808 C.
1428 1768 1574 1818 Aquili,

251 1848 378 1885 neque
408 1835 446 1872 in
477 1848 524 1873 eo
553 1848 659 1873 nunc
689 1835 835 1873 laboro.
895 1834 1069 1873 Pecunia
1098 1847 1186 1873 mea
1215 1842 1272 1873 tot
1302 1848 1426 1872 annos
1457 1834 1576 1872 utitur

255 1903 293 1937 1¹.
344 1899 565 1948 Quinctius.
642 1901 782 1937 Vtatur
826 1912 945 1947 sane,
993 1913 1074 1938 non
1116 1901 1232 1949 peto.'
1309 1898 1418 1947 Quid
1462 1898 1576 1948 igitur

251 1967 429 2014 pugnas?
475 1978 540 2012 an,
577 1966 685 2014 quod
725 1978 841 2015 saepe
880 1964 1011 2003 multis
1052 1964 1090 2002 in
1131 1964 1226 2003 locis
1265 1963 1406 2011 dixisti,
1447 1977 1497 2003 ne
1536 1963 1576 2001 in

295 2080 310 2107 4
338 2069 400 2098 iam
419 2071 462 2099 Σε
488 2069 551 2098 iam
572 2068 711 2107 pecnnia
729 2072 795 2099 cett.
940 2078 961 2107 9
985 2067 1191 2099 dubitabitur
1211 2066 1287 2097 Elss:
1321 2066 1491 2098 dubitatur
1509 2069 1572 2097 cett.

257 2122 293 2141 12
316 2122 407 2141 anno
431 2111 496 2150 ΒχῙ
610 2112 704 2143 vixit.
755 2112 792 2142 In
813 2111 920 2142 Gallia
939 2112 991 2151 agi
1010 2116 1057 2150 Σχ
1077 2123 1083 2142 :
1110 2111 1192 2141 vixit
1217 2111 1250 2141 in
1269 2110 1387 2141 Gallia.
1437 2109 1502 2149 Agi
1527 2109 1577 2141 ὸς

258 2164 292 2192 15
318 2155 556 2192 negligentiam
572 2155 601 2194 k,
621 2155 667 2186 al.
687 2156 732 2185 V:
758 2156 961 2194 negligentia
978 2159 1043 2186 cett.
1161 2154 1355 2185 mirabimur
1371 2153 1432 2185 bh?
1449 2165 1456 2184 τ
1480 2153 1575 2183 mira-

254 2199 378 2227 buntur
395 2202 459 2229 cett.
579 2208 616 2236 19
640 2199 829 2230 testimonio
846 2199 988 2229 ostendo
1006 2199 1023 2227 Ι)
1139 2209 1180 2229 20
1205 2197 1285 2228 Sex.
1306 2207 1372 2228 om.
1391 2196 1411 2227 k
1535 2205 1586 2235 25⁷

254 2240 434 2271 ‹leiudicari
457 2245 501 2272 Σ·.
531 2241 666 2272 iudicari
682 2241 699 2271 b
813 2243 853 2272 28
879 2242 915 2273 Ρ.
931 2241 1122 2281 Naugerius
1152 2245 1180 2282 ι)
1202 2252 1208 2272 :
1233 2240 1270 2272 C.
1288 2239 1380 2272 codd.
1471 2239 1576 2278 igitur

253 2295 317 2315 om.
342 2284 395 2314 El)l

1592 412 1609 444 5

1594 740 1634 764 10

1595 1390 1638 1412 20

1596 1714 1633 1746 ²5
