1747 2620
173 130 190 158 1
215 135 230 156 2
579 117 635 156 M.
667 117 836 156 TVLLI
868 116 1176 156 CICERONIS

212 233 397 270 Praetura
429 229 523 269 item
559 228 771 267 maioribus
807 228 935 266 delata
975 233 1032 266 est
1072 227 1160 267 tuis.
1219 227 1317 267 Noti
1351 235 1459 268 erant
1489 227 1544 268 illi

211 297 364 344 mortui,
402 304 440 335 te
475 295 606 334 vivum
646 295 825 332 nondum
866 301 1026 332 noverat
1065 293 1286 344 quisquam.
1346 296 1416 334 Me
1454 308 1544 334 cum

210 370 458 414 quaestorem
491 361 530 398 in
562 359 706 411 primis,
730 360 899 397 aedilem
922 358 1102 409 priorem,
1124 367 1345 410 praetorem
1375 358 1544 411 primum

208 428 359 466 cunctis
398 426 586 476 suffragiis
625 426 794 476 populus
837 426 1043 462 Romanus
1078 424 1257 472 faciebat,
1290 425 1442 464 homini
1481 425 1545 465 ille

208 495 400 532 honorem
432 506 512 530 non
540 492 686 541 generi,
717 490 891 528 moribus
920 503 1000 528 non
1031 490 1244 529 maioribus
1275 490 1383 538 meis,
1414 490 1544 530 virtuti

170 573 187 604 3
208 566 435 609 perspectae
457 571 537 596 non
560 556 717 595 auditae
744 555 937 594 nobilitati
960 556 1171 594 deferebat.
1230 557 1334 594 Nam
1356 556 1451 606 quid
1472 570 1545 607 ego

208 625 258 663 de
288 625 494 662 consulatu
524 625 671 673 loquar,
699 630 809 673 parto
831 621 888 659 vis
909 635 1012 660 anne
1032 623 1175 672 gesto?
1234 621 1425 661 Miserum
1456 625 1543 661 me!

209 702 300 728 cum
332 690 405 727 bac
443 702 506 727 me
537 702 642 726 nunc
677 696 786 738 peste
819 696 937 737 atque
970 687 1058 725 labe
1097 688 1282 726 confero!
1340 688 1420 726 Sed
1447 686 1544 726 nihil

209 754 463 805 comparandi
487 767 604 792 causa
625 755 763 804 loquar
787 767 832 791 ac
857 761 989 791 tamen
1011 767 1057 792 ea
1077 767 1178 804 quae
1199 760 1289 791 sunt
1319 751 1544 803 longissime

210 820 404 858 disiuncta
436 821 730 869 comprendam.
795 821 857 857 Tu
898 820 1036 857 consul
1071 832 1110 857 es
1144 817 1543 857 renuntiatus-nihil

209 885 339 924 dicam
369 885 532 935 gravius,
569 898 687 935 quam
719 885 827 934 quod
858 898 997 923 omnes
1031 883 1456 934 fatentur-*impeditis
1491 882 1544 922 rei

211 950 393 1001 publicae
415 949 669 1000 temporibus,
694 948 977 988 dissidentibus
998 949 1239 996 consulibus,
1255 963 1344 987 cum
1367 950 1443 987 hoc
1464 962 1545 987 non

211 1028 409 1055 recusares
431 1015 486 1054 eis
507 1029 529 1054 a
551 1015 693 1066 quibus
716 1014 899 1054 dicebare
922 1017 1071 1062 consul,
1096 1015 1191 1065 quin
1214 1023 1252 1053 te
1272 1016 1359 1053 luce
1381 1014 1545 1065 dignum

212 1095 293 1120 non
323 1088 515 1131 putarent,
540 1081 613 1119 nisi
635 1080 800 1131 nequior
821 1094 940 1131 quam
969 1080 1163 1119 Gabinius
1193 1080 1414 1119 exstitisses.
1477 1081 1546 1118 Me

212 1155 355 1186 cuncta
388 1147 512 1195 Italia,
544 1161 607 1186 me
635 1161 772 1186 omnes
806 1146 974 1194 ordines,
1006 1160 1068 1185 me
1098 1146 1279 1185 universa
1307 1144 1442 1184 civitas
1464 1159 1544 1184 non

168 1223 192 1250 2
213 1213 318 1264 prius
340 1213 483 1252 tabella
504 1226 622 1262 quam
646 1227 742 1252 voce
764 1212 931 1263 priorem
955 1213 1158 1250 consulem
1184 1211 1405 1250 declaravit.
1467 1212 1545 1249 Sed

213 1278 353 1316 omitto
375 1286 416 1316 ut
437 1278 484 1316 sit
506 1279 630 1316 factus
659 1285 823 1327 uterque
849 1285 1051 1325 nostrum;
1081 1276 1129 1315 sit
1150 1290 1244 1315 sane
1266 1278 1360 1314 Fors
1383 1276 1545 1315 domina

213 1344 352 1395 campi.
415 1343 734 1394 Magnificentius
765 1351 822 1382 est
852 1342 982 1382 dicere
1003 1356 1122 1393 quem
1149 1344 1200 1382 ad
1227 1344 1392 1382 modum
1421 1356 1546 1393 gesse-

212 1410 332 1448 rimus
353 1411 601 1448 consulatum
623 1423 740 1460 quam
763 1423 881 1459 quem
901 1410 952 1447 ad
974 1409 1137 1447 modum
1160 1408 1388 1459 ceperimus.

268 1477 354 1525 Ego
390 1474 582 1513 Kalendis
619 1474 810 1513 Ianuariis
846 1482 1026 1514 senatum
1059 1482 1098 1513 et
1130 1475 1258 1513 bonos
1285 1474 1415 1513 omnis
1449 1474 1544 1525 legis

212 1540 382 1591 agrariae
421 1542 759 1591 maximarumque
794 1540 1043 1591 largitionum
1080 1547 1204 1579 metux
1228 1539 1398 1578 liberavi.
1459 1542 1545 1591 Ego

211 1619 348 1656 agrurn
383 1607 647 1657 Campanum,
680 1607 710 1644 si
746 1606 868 1645 dividi
906 1620 985 1644 non
1020 1605 1203 1656 oportuit,
1239 1605 1475 1653 conservavi,
1514 1605 1545 1644 si

213 1671 395 1721 oportuit,
416 1671 641 1710 melioribus
663 1671 889 1710 auctoribus
911 1671 1111 1711 reservavi.
1164 1673 1249 1722 Ego
1266 1671 1304 1709 in
1320 1672 1363 1710 C.
1382 1670 1544 1710 Rabirio

213 1738 491 1788 perduellionis
519 1751 585 1776 reo
616 1750 671 1775 XL
700 1737 812 1776 annis
835 1746 926 1777 ante
951 1752 1013 1776 nie
1041 1739 1245 1776 consulem
1274 1737 1542 1788 interpositam

1565 506 1582 539 5

1569 833 1605 855 10

1567 1492 1605 1513 20

213 1811 370 1842 senatus
391 1803 664 1842 auctoritatem
684 1803 849 1841 sustinui
868 1812 1004 1841 contra
1022 1803 1209 1841 invidiam
1229 1811 1348 1853 atque
1369 1802 1541 1842 defendi.
1565 1819 1602 1849 25

215 1871 299 1919 Ego
328 1868 590 1908 adulescentis
624 1869 751 1907 bonos
787 1877 824 1908 et
858 1869 974 1915 fortis,
1008 1870 1077 1907 sed
1109 1882 1199 1907 usos
1230 1882 1275 1907 ea
1307 1868 1543 1907 condicione

212 1935 391 1972 fortunae
411 1941 463 1980 ut,
483 1933 513 1971 si
535 1942 665 1973 essent
689 1935 933 1985 magistratus
954 1935 1098 1985 adepti,
1122 1935 1175 1973 rei
1197 1934 1378 1985 publicae
1399 1943 1542 1973 statum

212 1998 434 2038 convolsuri
464 1999 698 2048 viderentur,
734 2001 829 2040 meis
861 2001 1085 2048 inimicitiis,
1118 2002 1224 2039 nulla
1254 2009 1411 2040 senatus
1442 2001 1544 2039 mala

178 2080 192 2110 ς
212 2063 333 2113 gratia
353 2064 601 2104 comitiorum
625 2066 774 2105 ratione
792 2066 947 2117 privavi.
990 2068 1075 2117 Ego
1098 2067 1316 2105 Antonium
1338 2068 1542 2116 conlegam

213 2129 402 2179 cupidum
443 2131 677 2181 provinciae,
714 2133 835 2170 multa
870 2131 908 2170 in
944 2146 982 2171 re
1023 2132 1179 2182 publica
1215 2132 1441 2170 molientem
1478 2145 1543 2181 pa-

256 2235 277 2264 6
302 2240 498 2274 perspectae
517 2235 568 2266 (ῖς
598 2235 764 2274 perfectae
782 2239 845 2266 cett.
992 2246 1013 2274 9
1036 2246 1073 2266 ac
1087 2241 1199 2266 tamen
1216 2235 1262 2265 Ee
1279 2247 1285 2266 τ
1310 2240 1458 2266 attamen
1476 2238 1540 2267 cell.

218 2287 256 2307 10
281 2279 516 2317 complendam
535 2278 588 2309 E:
613 2280 833 2318 compendam
852 2279 927 2317 ε’ᾸΙμ
945 2291 950 2309 :
978 2280 1265 2318 comprehendam
1285 2279 1348 2311 N‘v-
1508 2289 1544 2309 12

215 2321 425 2362 consulibus]
445 2322 593 2353 Caesare
611 2327 644 2352 et
663 2322 783 2352 Bibulo
801 2322 875 2354 add.
895 2322 981 2353 codd.
1006 2335 1011 2353 :
1036 2323 1093 2354 del.
1117 2322 1293 2353 Manutius
1397 2333 1439 2353 20
1463 2322 1542 2363 ego]

216 2374 295 2402 crgo
316 2364 368 2394 231³
504 2366 544 2395 28
569 2377 643 2396 esse
662 2366 850 2396 convulsuri
870 2366 900 2396 E
1032 2377 1074 2405 30
1099 2366 1268 2406 multaque
1286 2367 1316 2398 ς’

1564 2146 1606 2177 30
