1716 2662
413 94 524 133 PRO
553 95 601 132 A.
634 93 885 133 CAECINA
916 93 1133 133 ORATIO
1390 105 1432 144 15
1450 110 1494 142 43

102 213 139 244 et
160 204 328 244 vidimus
350 213 388 244 et
413 204 646 253 audivimus,
665 217 766 255 quae
786 203 842 243 vis
870 203 910 243 in
937 205 1042 244 bello
1068 207 1296 257 appellatur,
1319 219 1365 244 ea
1391 205 1431 244 in

101 270 183 309 otio
218 285 298 310 non
330 270 618 322 appellabitur?
660 277 709 316 et,
746 270 855 320 quod
887 271 1099 310 vehemens
1132 271 1172 310 in
1204 286 1245 310 re
1276 270 1430 310 militari

101 343 267 388 putatur,
291 336 332 375 id
353 338 437 375 leve
458 336 497 374 in
518 335 600 375 iure
620 335 722 374 civili
743 335 1011 375 iudicabitur?
1041 344 1089 385 et,
1113 338 1222 388 quod
1239 336 1429 376 exercitus

100 409 270 440 armatos
301 409 446 449 movet,
467 401 507 440 id
536 400 838 440 advocationem
870 408 1090 452 togatorum
1121 416 1203 441 non
1233 401 1430 442 videbitur

63 481 80 512 5
101 466 302 505 movisse?
336 475 374 505 et
394 468 535 505 volnus
563 466 737 517 corporis
768 466 890 516 magis
917 466 1030 506 istam
1054 467 1131 506 vim
1162 481 1281 519 quam
1309 475 1430 506 terror

99 531 220 570 animi
242 531 485 570 declarabit?
514 538 552 570 et
572 531 761 570 sauciatio
782 540 999 582 quaeretur,
1019 546 1109 571 cum
1132 535 1263 584 sugam
1286 534 1427 572 factam

99 610 184 636 esse
204 596 430 635 constabit?
469 598 580 635 Tuus
601 596 707 635 enim
729 596 836 635 testis
859 597 935 635 hoc
957 596 1067 646 dixit,
1090 606 1196 637 metu
1218 597 1428 649 perterritis

97 661 239 700 nostris
277 661 478 700 advocatis
517 663 647 700 locum
687 675 728 701 se
763 675 841 712 qua
875 663 1090 713 effugerent
1123 665 1426 702 demonstrasse.

98 726 178 775 Qui
195 740 275 765 non
293 727 414 765 niodo
430 734 473 764 ut
493 728 670 777 fugerent
690 728 760 766 sed
777 726 895 766 etiam
913 726 1033 778 ipsius
1050 729 1162 778 fugae
1184 736 1307 767 tutam
1324 728 1427 767 viam

39 808 77 830 10
96 791 382 842 quaesiverunt,
407 791 467 830 his
492 791 548 830 vis
578 791 757 831 adhibita
787 806 867 831 non
894 793 1119 833 videbitur?
1176 794 1285 844 Quid
1313 794 1428 845 igitur

96 856 326 908 fugiebant?
375 859 537 907 Propter
558 865 718 896 metum.
771 857 880 906 Quid
901 860 1163 898 metuebant?
1211 859 1302 898 Vim
1323 859 1426 899 vide-

95 922 196 962 licet.
258 922 426 962 Potestis
448 922 563 973 igitur
583 922 774 974 principia
796 937 948 974 negare,
973 938 1063 963 cum
1092 933 1264 964 extrema
1289 939 1427 964 conce-

94 988 215 1027 ditis?
264 987 423 1039 Fugisse
444 987 667 1039 perterritos
685 988 927 1027 confitemini
945 1003 954 1037 3
983 1003 1142 1028 causam
1163 991 1276 1041 fugae
1297 989 1425 1029 dicitis

95 1055 262 1093 eandem
310 1067 430 1105 quarn
473 1067 611 1092 omnes
659 1052 930 1104 intellegimus,
972 1068 1090 1102 arma,
1132 1055 1423 1094 multitudinem

36 1135 74 1168 15
95 1119 313 1167 hominum,
345 1118 611 1159 incursionem
641 1127 759 1170 atque
794 1118 986 1171 impetum
1016 1128 1253 1160 armatorum
1269 1136 1280 1170 3
1327 1123 1423 1161 haec

94 1184 162 1224 ubi
183 1185 454 1225 conceduntur
475 1198 560 1224 esse
580 1185 692 1232 facta,
715 1183 770 1223 ibi
792 1184 847 1223 vis
868 1186 970 1224 facta
990 1185 1224 1237 negabitur?

145 1252 199 1290 At
219 1263 311 1290 vero
335 1251 411 1289 hoc
438 1251 599 1301 quidem
628 1251 705 1289 iam
727 1258 837 1289 vetus
865 1259 923 1289 est
951 1259 990 1290 et
1019 1251 1211 1291 maiorum
1243 1253 1424 1302 exemplo

93 1315 223 1355 multis
250 1315 289 1355 in
311 1316 425 1355 rebus
454 1315 656 1364 usitatum,
676 1329 766 1354 cum
794 1317 845 1355 ad
867 1315 945 1354 vim
973 1316 1194 1356 faciendam
1215 1317 1419 1364 veniretur,

91 1380 121 1419 si
153 1395 253 1433 quos
284 1389 453 1420 armatos
486 1380 665 1432 quamvis
702 1382 837 1432 procul
874 1382 1181 1433 conspexissent,
1215 1390 1258 1422 ut
1291 1383 1421 1422 statim

33 1461 72 1483 20
90 1447 285 1486 testificati
301 1447 560 1493 discederent,
576 1460 658 1484 cum
673 1447 822 1497 optime
837 1446 1092 1498 sponsionem
1105 1450 1232 1488 facere
1248 1456 1421 1499 possent,

91 1523 134 1549 NI
159 1524 370 1550 ADVERSVS
393 1523 580 1550 EDICTVM
610 1523 843 1550 PRAETORIS
867 1524 929 1551 VIS
962 1525 1093 1551 FACTA
1114 1524 1247 1552 ESSET.
1308 1515 1420 1552 Itane

91 1578 212 1615 vero?
241 1576 338 1615 scire
360 1589 444 1615 esse
464 1583 635 1615 armatos
658 1576 749 1614 satis
771 1584 830 1616 est
852 1584 894 1615 ut
915 1576 994 1616 vim
1016 1579 1157 1617 factam
1184 1578 1327 1629 probes
1343 1593 1353 1625 3
1381 1577 1420 1616 in

90 1655 228 1680 manus
256 1655 392 1681 eorum
420 1641 593 1681 incidere
620 1654 699 1681 non
727 1650 785 1680 est
813 1643 934 1680 satis?
972 1649 1153 1693 aspectus
1182 1650 1419 1682 armatorum

89 1708 140 1747 ad
160 1706 239 1746 vim
266 1707 512 1759 probandam
541 1707 687 1746 valebit
701 1721 712 1756 3
747 1707 925 1747 incursus
957 1715 995 1746 et
1022 1707 1192 1759 impetus
1219 1721 1300 1748 non
1319 1709 1419 1747 vate.-

30 1780 69 1813 25
90 1771 175 1810 bit?
204 1772 271 1823 qui
291 1772 440 1820 abierit,
462 1772 613 1812 facilius
636 1771 709 1811 sibi
732 1772 810 1811 vim
833 1773 976 1812 factam
1004 1772 1187 1823 probabit
1208 1786 1325 1823 quam
1348 1762 1417 1823 qui

1450 610 1493 643 44

1444 1295 1483 1327 45

88 1837 292 1887 effugerit?
348 1839 401 1876 At
422 1851 494 1888 ego
518 1839 595 1876 hoc
616 1837 716 1883 dico,
742 1837 783 1885 si,
807 1845 849 1876 ut
877 1837 1045 1888 primum
1074 1837 1114 1875 in
1138 1838 1299 1876 castello
1320 1839 1415 1877 Cae·
1434 1839 1477 1882 46

87 1901 197 1941 cinae
219 1902 314 1941 dixit
335 1903 528 1941 Aebutius
557 1917 597 1942 se
626 1902 807 1942 homines
829 1903 1003 1954 coegisse
1030 1910 1067 1941 et
1094 1916 1265 1942 armasse
1285 1916 1416 1953 neque

130 2017 147 2043 4
175 2011 362 2044 togatorum
380 2017 444 2036 om.
465 2006 603 2046 Quintil.
626 2016 657 2038 v.
682 2017 729 2038 Io.
747 2017 788 2046 92
935 2009 956 2038 6
981 2007 1163 2038 declaravit
1186 2006 1255 2037 TEe
1397 2017 1415 2045 7

86 2050 286 2089 perterritus
310 2049 339 2079 T
487 2051 507 2080 8
534 2061 571 2081 se
593 2050 682 2081 TEe:
707 2061 772 2082 om.
794 2054 859 2082 cell.
1021 2061 1058 2081 10
1083 2050 1318 2090 quaesiverunt
1340 2049 1415 2080 TE:

86 2093 304 2132 quaesierunt
336 2096 398 2124 cell.
580 2104 616 2124 12
649 2094 790 2132 potestis
819 2093 957 2133 Quintil.
985 2095 1042 2124 vii.
1071 2105 1101 2134 3.
1132 2104 1197 2133 29:
1236 2093 1416 2133 potestatis

85 2136 175 2167 codd.
279 2146 403 2176 negare
427 2135 510 2176 TE¹‚
528 2136 684 2176 thz'ntt'l.:
715 2148 838 2176 negare
858 2138 1000 2177 potestis
1017 2142 1082 2169 cett.
1178 2136 1372 2167 concedatis
1384 2136 1413 2171 k,

87 2179 224 2218 Quintil.
348 2189 384 2219 15
408 2185 609 2211 armatorum
633 2180 723 2211 TEe:
748 2192 918 2212 armorum
936 2184 999 2212 cell.
1118 2182 1157 2211 16
1183 2180 1368 2219 negabatur
1391 2178 1420 2209 T

90 2232 125 2261 17
151 2228 246 2254 vetus
264 2223 297 2261 ὲΙΙ
317 2228 418 2254 estet
442 2224 471 2254 T
600 2225 637 2254 18
663 2224 847 2256 faciendam
866 2225 916 2255 5:
941 2224 1127 2255 faciundam
1148 2227 1212 2254 cell.
1372 2233 1414 2253 20

85 2276 160 2296 cum
178 2267 284 2307 suppl.
305 2267 436 2306 Kayser
565 2277 603 2298 21
632 2267 666 2298 ni
684 2267 736 2298 E:
763 2279 804 2299 ne
822 2271 887 2299 cclt.
1023 2279 1063 2298 22
1088 2278 1168 2298 vero
1185 2278 1251 2297 om.
1272 2266 1410 2305 Quintil.

86 2318 117 2339 v.
142 2321 188 2341 10.
208 2321 250 2350 93
405 2321 446 2350 23
469 2315 520 2341 sat
537 2315 590 2342 est
608 2311 745 2350 Quintil.
903 2313 944 2344 26
967 2311 1030 2343 hoc
1049 2312 1124 2343 dico
1149 2311 1227 2343 TE:
1254 2310 1328 2342 dico
1347 2310 1411 2341 hoc

86 2357 151 2385 cett.
243 2354 349 2394 primo
367 2353 454 2385 codd.
471 2365 478 2386 :
498 2365 576 2385 corr.
595 2354 784 2386 Lambinus
