1747 2620
139 87 191 125 32
214 85 250 125 78
404 122 408 125 ³
580 77 639 115 M.
666 76 836 116 TVLLI
868 75 1174 114 CICERONIS

145 525 186 563 79

145 1176 187 1206 80

207 189 364 240 prodire
392 191 545 237 nolles;
574 202 655 227 non
683 195 741 227 est
768 189 844 227 hoc
874 188 914 226 in
942 188 1158 234 absentem,
1182 188 1252 226 sed
1281 186 1321 225 in
1350 187 1538 226 latentem

205 268 327 293 reum.
377 255 568 292 SENATVS
590 264 840 292 CONSVLTVM
863 264 914 290 ET
935 264 1163 290 DECRETVM
1187 254 1352 291 FLAccr.
1401 251 1540 298 Quid?

205 318 237 357 si
259 332 340 357 non
361 318 609 365 decrevisset,
633 319 703 356 sed
731 316 925 364 edixisset,
949 316 1036 367 quis
1064 324 1196 367 posset
1216 330 1305 355 vere
1334 317 1540 367 reprehen-

206 385 328 422 dere?
385 384 492 421 Num
515 382 634 421 etiam
656 381 779 421 fratris
805 382 882 420 mei
913 381 1057 420 litteras
1088 381 1334 432 plenissimas
1361 380 1539 420 humani-

207 449 295 487 tatis
317 456 353 487 et
374 448 582 499 aequitatis
603 449 908 499 reprehensurus
935 449 1001 486 es?
1030 460 1126 497 quas
1155 460 1200 485 ea
1227 448 1277 485 de
1307 446 1468 485 muliere
1487 448 1539 486 ad

208 528 272 553 me
309 515 421 553 datas
459 515 566 565 apud
598 544 606 552 .
637 544 645 552 .
679 544 687 552 .
720 512 930 563 requisivit.
1006 512 1156 551 Recita.
1232 514 1448 550 LITTERAE
1487 512 1535 559 Q.

208 581 453 620 CicERONis.
513 579 655 626 Quid?
686 581 784 617 haec
806 578 1140 629 Apollonidenses
1163 578 1413 617 occasionem
1435 578 1537 617 nacti

205 648 257 685 ad
277 648 462 684 Flaccum
484 660 559 684 uon
579 647 815 693 detulerunt,
838 646 946 695 apud
967 644 1134 683 Orbium
1155 652 1243 682 acta
1263 657 1343 682 non
1365 651 1465 691 sunt,
1487 645 1539 683 ad

208 711 424 750 Globulum
467 713 597 749 delata
636 724 716 748 non
755 711 875 748 sunt?
935 711 1000 748 Ad
1040 717 1220 748 senatum
1259 717 1434 747 nostrum
1475 723 1539 747 me

207 778 370 815 consule
403 790 537 814 nonne
571 775 685 826 legati
720 773 1055 825 Apollonidenses
1092 774 1226 813 omnia
1264 776 1460 825 postulata
1487 775 1539 813 de

208 841 356 880 iniuriis
395 841 511 880 unius
552 839 719 879 Deciani
759 841 1013 879 detulerunt?
1085 841 1140 878 At
1171 841 1268 878 haec
1302 839 1461 890 praedia
1499 839 1537 877 in

207 921 370 946 censum
399 905 641 946 dedicavisti.
703 904 823 943 Mitto
855 905 965 955 quod
996 904 1135 951 aliena,
1167 904 1280 942 mitto
1311 905 1419 954 quod
1454 918 1539 954 pos-

207 987 313 1012 sessa
345 986 413 1023 per
445 971 534 1019 vim,
570 970 684 1009 mitto
716 971 826 1021 quod
855 969 1036 1008 convicta
1064 970 1124 1008 ab*
1145 969 1536 1019 Apollonidensibus,

208 1039 321 1076 mitto
356 1038 464 1087 quod
498 1050 522 1075 a
556 1035 807 1087 Pergamenis
839 1035 1054 1086 repudiata,
1086 1034 1199 1073 mitto
1230 1034 1347 1074 etiam
1378 1035 1488 1085 quod
1516 1048 1539 1073 a

207 1103 348 1141 nostris
370 1101 659 1154 magistratibus
680 1101 720 1139 in
741 1100 934 1150 integrum
956 1100 1142 1148 restituta,
1167 1100 1281 1139 mitto
1300 1101 1409 1150 quod
1430 1100 1537 1138 nullo

208 1168 289 1207 iure
321 1182 451 1218 neque
482 1182 521 1206 re
550 1181 679 1217 neque
707 1165 957 1217 possessione
987 1174 1077 1215 tua3
1107 1166 1204 1205 illud
1234 1179 1380 1216 quaero
1409 1165 1538 1204 sintne

207 1233 280 1272 ista
305 1232 466 1284 praedia
489 1231 625 1271 censui
656 1233 871 1280 censendo,
895 1232 1068 1270 habeant
1088 1231 1148 1270 ius
1169 1231 1292 1278 civile,
1316 1230 1392 1269 sint
1413 1244 1539 1269 necne

208 1299 285 1338 sint
316 1298 496 1349 mancipi,
521 1297 739 1348 subsignari
771 1297 878 1347 apud
908 1296 1099 1335 aerarium
1120 1304 1186 1335 aut
1207 1298 1313 1346 apud
1335 1310 1538 1335 censorem

207 1364 370 1416 possint.
421 1366 468 1402 In
485 1377 563 1413 qua
579 1363 681 1401 tribu
702 1362 876 1412 denique
893 1362 964 1401 ista
981 1362 1140 1412 praedia
1156 1362 1373 1402 censuisti?
1423 1363 1536 1402 Com-

208 1429 357 1477 misisti‚
377 1429 408 1468 si
423 1436 578 1479 tempus
591 1428 753 1479 aliquod
769 1428 922 1478 gravius
934 1428 1152 1476 accidisset,
1171 1436 1213 1467 ut
1229 1443 1276 1467 ex
1291 1428 1415 1467 isdem
1434 1442 1539 1479 prae-

207 1496 282 1536 diis
321 1503 359 1535 et
393 1493 634 1545 Apollonide
672 1501 710 1532 et
744 1495 898 1532 Romae
931 1493 1166 1544 imperatum
1200 1501 1301 1533 esset
1336 1493 1535 1532 tributum.

207 1564 357 1600 Verum
391 1568 487 1607 esto,
509 1558 700 1610 gloriosus
722 1558 839 1606 fuisti,
863 1558 1019 1597 voluisti
1048 1573 1233 1609 magnum
1263 1559 1342 1609 agri
1373 1560 1538 1598 modum

207 1626 368 1674 censeri,
392 1633 430 1665 et
457 1626 539 1664 eius
564 1624 643 1675 agri
674 1624 741 1675 qui
769 1624 891 1663 dividi
914 1624 1017 1675 plebi
1049 1627 1255 1664 Romanae
1285 1639 1364 1663 non
1395 1633 1535 1676 potest.

208 1694 361 1733 Census
410 1705 451 1730 es
499 1698 697 1741 praeterea
712 1698 963 1752 ¹„numeratae
1015 1690 1206 1741 pecuniae
1239 1703 1364 1729 CXXX.
1438 1693 1536 1729 Eam

207 1757 347 1809 opinor
368 1756 437 1796 tibi
459 1764 703 1794 numeratam
727 1770 806 1794 non
832 1770 916 1795 esse
943 1757 1013 1795 abs
1041 1765 1089 1796 te.
1152 1758 1228 1796 Sed
1257 1758 1352 1796 haec
1383 1757 1532 1796 omitto.

208 1823 361 1862 Census
383 1835 423 1860 es
445 1820 641 1871 mancipia
663 1810 858 1871 Amyntae
880 1835 1008 1872 neque
1027 1821 1117 1860 huic
1139 1824 1257 1860 ullam
1280 1822 1319 1860 in
1338 1836 1385 1861 eo
1411 1822 1535 1861 fecisti

254 1938 265 1958 1
292 1928 383 1958 nolet
409 1926 514 1957 Schol.
610 1928 668 1958 sed
695 1929 726 1958 in
752 1929 911 1959 latentem
936 1928 1063 1959 Schob:
1101 1940 1165 1960 ont.
1188 1929 1220 1959 P
1350 1940 1369 1968 3
1395 1930 1536 1961 dixisset

206 1971 259 2003 P:
283 1982 361 2003 corr.
382 1969 558 2001 Manuh'ns
706 1982 725 2010 5
751 1983 787 2003 es
804 1972 907 2013 suppl.
927 1972 1114 2003 Lambinus
1217 1974 1354 2003 easdem
1372 1974 1499 2004 mulieri
1517 1985 1536 2005 a

208 2026 260 2045 me
278 2015 326 2045 P:
361 2015 482 2045 comari
632 2018 653 2046 6
676 2017 765 2056 apud
784 2040 899 2048 .....
920 2016 970 2047 P:
1007 2017 1190 2047 Pataranos
1214 2017 1318 2056 suppl.
1348 2013 1536 2058 Naugerius

210 2059 342 2099 (malim
360 2059 565 2098 publicanos,
585 2060 621 2100 (f.
646 2063 660 2098 ξ
680 2062 735 2099 37Ν
854 2059 895 2090 R.
915 2060 1167 2099 litterarumque
1186 2060 1360 2091 Ciceronis
1377 2061 1429 2091 P:
1454 2072 1532 2093 corr.

207 2103 394 2133 slffommsen
487 2115 502 2143 7
528 2104 703 2134 occasione
723 2103 808 2134 facta
824 2102 874 2133 P:
892 2114 970 2134 corr.
989 2104 1094 2134 Orelli
1181 2105 1201 2134 8
1227 2115 1293 2134 non
1312 2104 1418 2144 suppl.
1436 2104 1534 2135 Lam-

206 2147 303 2177 binus
441 2159 471 2178 11
501 2154 534 2178 at
555 2148 736 2178 Lambinus
755 2161 760 2178 :
786 2148 825 2177 ad
844 2147 876 2177 P
971 2147 1021 2187 in]
1040 2148 1139 2178 etiarn
1159 2148 1189 2177 in
1208 2147 1396 2187 Naugerius
1487 2149 1535 2179 in-

206 2202 310 2221 censa
328 2191 377 2221 P:
403 2203 479 2222 corr.
502 2191 633 2232 Lipsius
652 2191 701 2229 cf
726 2191 803 2221 Gell.
827 2190 868 2220 vi.
894 2201 939 2220 11.
962 2191 997 2229 9*
1109 2202 1144 2231 ¹5
1171 2192 1262 2222 nullo
1283 2192 1313 2221 in
1336 2192 1407 2222 iure
1425 2202 1535 2231 neque

207 2245 242 2264 rc
261 2235 307 2265 P:
333 2246 415 2265 corr.
435 2236 621 2266 Mommsen
760 2235 798 2264 16
822 2239 900 2265 sunt
919 2245 959 2264 ne
978 2234 1011 2263 Ρ
1027 2246 1031 2264 z
1057 2245 1132 2265 corr.
1151 2234 1361 2265 Camerarius
1499 2236 1536 2264 18

208 2279 379 2317 municipii
400 2279 450 2309 l‘:
476 2290 551 2309 (υνν.
573 2279 762 2317 mingo-ius
888 2284 943 2308 aut
962 2278 1066 2309 Sc‘lml.
1087 2291 1092 2308 :
1118 2290 1184 2309 om.
1207 2279 1236 2307 Ι)
1403 2289 1439 2308 21
1468 2279 1535 2318 Ap-

207 2322 363 2360 polonida
381 2323 431 2353 P:
463 2333 540 2352 com:
566 2322 776 2353 (mummius
864 2327 897 2351 ct
919 2321 1048 2352 Romae
1073 2321 1119 2352 cd.
1148 2321 1290 2363 Hcrvtig.
1312 2333 1317 2351 :
1354 2322 1461 2352 Roma
1486 2328 1536 2353 est

208 2364 241 2395 P
371 2377 411 2405 23
438 2377 578 2398 censere
596 2366 644 2397 Pz
669 2376 743 2396 corr.
761 2364 950 2405 Naugerius
1083 2367 1124 2395 26
1148 2377 1184 2396 cs
1202 2366 1408 2406 Naugerius:
1433 2370 1466 2396 ct
1485 2366 1517 2395 P

1558 463 1577 497 5

1562 788 1599 810 10

1562 1113 1598 1147 Ῐ5

1561 1441 1600 1464 20
