1716 2662
274 82 385 121 PRO
417 83 466 130 Q.
499 79 704 121 ROSCIO
735 81 1020 121 COMOEDO
1047 81 1266 121 ORATIO
1393 92 1438 128 13
1458 90 1498 128 38

113 193 230 233 tionis
277 194 451 245 scriptor,
493 193 601 232 testis
649 192 903 244 arbiterque?
968 194 1043 241 Tu,
1085 193 1176 232 Piso
1196 208 1206 241 3
1252 201 1294 232 tu
1333 194 1437 232 enim

113 261 162 309 Q.
200 259 390 298 Roscium
422 273 493 310 pro
527 272 646 309 opera
676 272 721 297 ac
751 259 899 304 labore,
931 259 1040 309 quod
1075 260 1254 308 cognitor
1291 258 1438 306 fuisset,

112 326 221 375 quod
234 324 460 364 vadimonia
479 324 638 371 obisset,
657 323 801 374 rogasti
821 331 864 362 ut
885 323 1039 362 Fannio
1054 325 1164 362 daret
1182 326 1252 363 HS
1267 336 1439 363 0001333

112 391 186 429 hac
214 390 452 429 condicione
481 398 534 437 ut,
565 390 596 428 si
626 389 722 440 quid
752 389 816 428 ille
845 389 1035 440 exegisset
1064 403 1088 427 a
1118 389 1263 437 Flavio,
1287 397 1437 440 partem

76 468 92 499 5
111 457 194 494 eius
214 455 421 495 dimidiam
443 455 594 494 Roscio
614 455 854 494 dissolveret.
915 454 1069 494 Satisne
1090 454 1175 506 ipsa
1194 454 1437 506 restipulatio

110 521 241 560 dicere
269 521 340 561 tibi
369 521 523 560 videtur
551 529 684 572 aperte
706 521 896 559 Roscium
928 534 999 571 pro
1028 534 1071 559 se
1100 520 1327 560 decidisse?
1382 523 1437 559 At
1456 536 1496 567 59

108 586 215 625 enim
235 586 396 625 forsitan
414 587 491 624 hoc
511 585 580 624 tibi
602 585 731 624 veniat
762 585 801 624 in
831 593 1016 632 mentem,
1043 585 1310 635 repromisisse
1340 587 1438 624 Fan-

111 651 219 689 nium
252 652 411 698 Roscio,
434 651 466 690 si
486 651 583 702 quid
603 665 626 689 a
647 650 782 689 Flavio
808 650 1009 701 exegisset,
1033 650 1115 689 eius
1146 658 1295 701 partem
1326 651 1438 690 dimi-

109 716 228 763 diam,
250 717 321 754 sed
341 715 506 754 omnino
526 715 700 766 exegisse
719 715 827 753 nihil.
879 716 989 764 Quid
1011 722 1093 753 tum
1110 717 1127 753 ?
1175 717 1268 754 Non
1288 717 1435 755 exitum

52 796 92 818 10
111 780 336 826 exactionis,
359 782 430 819 sed
450 780 604 819 initium
626 779 939 831 repromissionis
969 788 1146 830 spectare
1166 781 1299 820 debes.
1359 783 1436 821 Ne·

110 861 203 898 que,
230 846 262 886 si
293 846 357 886 ille
377 846 418 886 id
438 848 735 898 exsequendum
764 860 838 885 non
865 847 1059 894 iudicavit,
1091 861 1182 894 non,
1206 848 1315 898 quod
1336 847 1375 886 in
1396 862 1438 886 se

110 911 191 959 fuit,
215 911 401 951 iudicavit
431 911 622 951 Roscium
648 926 748 960 suas,
771 926 853 951 non
881 911 1080 951 societatis
1104 911 1182 950 litis
1209 912 1434 952 redemisse.

109 977 219 1026 Quid
232 977 261 1016 si
279 978 439 1016 tandem
456 979 617 1028 planum
633 976 734 1016 facio
750 985 839 1028 post
855 978 1097 1016 decisionem
1115 984 1284 1015 veterem
1301 977 1434 1026 Rosci,

108 1050 197 1093 post
235 1042 577 1093 repromissionem
613 1050 811 1082 recentem
850 1044 953 1082 hanc
998 1041 1124 1080 Fanni
1160 1043 1231 1081 HS
1266 1055 1435 1082 0001333

52 1121 89 1153 15
110 1109 305 1147 Fannium
333 1122 367 1147 a.
397 1110 445 1157 Q.
475 1108 609 1147 Flavio
640 1107 809 1158 Panurgi
840 1108 1002 1146 nomine
1030 1107 1273 1147 abstulisse?
1302 1116 1434 1147 tamen

108 1172 254 1211 diutius
269 1172 445 1212 inludere
466 1172 535 1211 viri
556 1172 695 1223 optimi
712 1172 1005 1221 existimationi,
1025 1174 1076 1222 Q.
1094 1173 1227 1221 Rosci,
1245 1174 1437 1213 audebit?

161 1240 284 1277 Paulo
304 1246 394 1277 ante
416 1239 664 1288 quaerebam,
687 1238 727 1278 id
754 1240 863 1289 quod
885 1240 1140 1279 vehementer
1164 1241 1217 1278 ad
1245 1253 1326 1279 rem
1355 1254 1437 1290 per-

106 1303 266 1352 tinebat,
299 1318 377 1355 qua
414 1306 464 1344 de
494 1318 611 1343 causa
644 1306 813 1353 Flavius,
846 1318 937 1343 cum
976 1306 1027 1344 de
1066 1311 1149 1343 tota
1187 1305 1254 1344 lite
1292 1307 1436 1344 faceret

107 1369 342 1420 pactionem,
376 1383 506 1419 neque
534 1369 627 1408 satis
656 1368 851 1419 acciperet
879 1384 903 1408 a
938 1372 1086 1409 Roscio
1125 1384 1256 1421 neque
1288 1369 1437 1410 iudicio

49 1450 90 1472 20
107 1435 373 1473 absolveretur
387 1449 410 1472 a
425 1434 575 1473 Fannio
592 1449 600 1481 3
628 1448 734 1472 nunc
755 1448 858 1481 vero,
876 1434 916 1473 id
935 1437 1046 1485 quod
1061 1435 1202 1474 mirum
1219 1442 1257 1473 et
1274 1435 1436 1474 incredi-

106 1499 186 1538 bile
214 1507 283 1547 est‚
306 1499 486 1549 requiro:
519 1501 649 1548 Quam
673 1500 725 1537 ob
747 1513 840 1546 rem,
863 1513 954 1537 cum
975 1501 1026 1539 de
1047 1508 1130 1539 tota
1157 1514 1197 1538 re
1223 1499 1436 1539 decidisset

105 1578 196 1603 cum
219 1564 376 1612 Roscio,
401 1565 470 1603 HS
492 1576 661 1603 0001333
683 1564 893 1614 separatim
916 1564 1068 1604 Fannio
1083 1564 1293 1604 dissolvit?
1341 1566 1436 1603 Hoc

105 1632 208 1679 loco,
224 1630 362 1679 Saturi,
385 1630 481 1682 quid
510 1644 621 1682 pares
644 1632 884 1681 respondere
906 1630 1005 1670 scire
1026 1630 1145 1682 cupio
1162 1645 1172 1679 ς
1197 1638 1327 1669 utrum
1354 1644 1435 1669 om-

105 1695 200 1736 nino
228 1697 422 1735 Fannium
441 1710 466 1734 a
488 1695 623 1736 Flavio
646 1697 716 1735 HS
742 1708 912 1736 0001333
939 1709 1022 1736 non
1040 1694 1250 1735 abstulisse
1277 1709 1327 1734 an
1356 1695 1434 1735 alio

1456 1222 1500 1259 14

1454 1282 1497 1313 40

153 1810 165 1831 1
191 1800 326 1837 arbiter.
343 1811 419 1843 ,que-
443 1806 477 1832 tu
501 1791 589 1832 codd.
611 1812 618 1832 ε
657 1790 734 1832 com).
761 1801 897 1834 Baiter:
929 1800 1084 1832 arbiter?
1125 1800 1211 1840 Quis
1225 1782 1241 1831 3⁷
1267 1792 1316 1831 Tu
1341 1800 1434 1831 Nau·

100 1844 214 1884 gerius
231 1844 282 1884 (1)
387 1855 406 1874 2
430 1855 468 1875 ac
484 1845 592 1885 suppl.
613 1845 737 1876 Maller
750 1846 825 1886 (pro
843 1843 947 1885 suppl.
968 1843 1160 1879 Manutius)
1270 1853 1290 1882 3
1307 1843 1435 1875 obisset

105 1887 188 1920 b‘25':
215 1887 322 1918 obiret
346 1892 377 1918 t:
403 1887 539 1919 obesset
565 1889 652 1929 (-ent
677 1888 737 1927 b¹s)
765 1892 829 1919 cett.
989 1897 1125 1918 0001333
1147 1886 1337 1928 Naugerius
1362 1887 1433 1926 (2):

105 1940 227 1961 00οι111
245 1930 332 1962 codd.
355 1932 412 1970 rita
429 1942 458 1963 v.
482 1933 534 1971 14)
553 1942 559 1961 :
584 1941 677 1963 00133
695 1941 747 1962 133
764 1930 955 1962 Lambinus
1091 1940 1110 1968 5
1134 1930 1305 1970 stipulatio
1322 1930 1407 1961 codd.
1426 1942 1433 1961 :

105 1983 185 2006 corr.
204 1974 382 2005 Manutius
498 1976 519 2004 6
542 1980 575 2005 at
592 1974 790 2005 Manutius:
818 1980 851 2006 et
868 1974 956 2006 codd.
1082 1984 1099 2013 7
1125 1974 1286 2005 Fannium
1307 1974 1432 2005 Roscio

105 2017 156 2048 (ἴε
187 2018 349 2048 Fannium
375 2018 437 2058 (do
461 2017 522 2050 ἶν’-’Λ
554 2019 715 2050 Roscium
740 2022 804 2050 cell.
939 2029 960 2059 9
984 2028 1020 2048 se
1046 2018 1180 2048 domino
1205 2017 1314 2049 codd:
1353 2028 1430 2048 corr.

105 2060 282 2091 Manutius
413 2067 479 2092 tum
506 2062 718 2092 Lambinus:
746 2066 779 2091 tu
805 2061 894 2093 codd.
1055 2071 1090 2091 11
1119 2061 1151 2091 id
1176 2061 1430 2100 exsequendum

104 2105 235 2144 scripsi:
269 2105 301 2135 in
326 2114 366 2135 eo
390 2106 600 2145 sequendum
626 2105 723 2136 noas:
764 2105 1056 2145 inexsequendum
1082 2108 1115 2135 t:
1149 2105 1430 2144 inersequendum

105 2158 179 2178 ms:
207 2149 477 2188 persequendum
501 2149 539 2179 b:
565 2149 724 2188 persequi
748 2147 854 2178 noluit
876 2148 1053 2178 Manutius
1187 2158 1252 2178 non
1276 2147 1431 2178 iudicavit

103 2191 253 2232 supplevi
393 2201 430 2231 15
455 2191 495 2230 Q.
513 2191 701 2232 Naugerius
720 2192 771 2231 (rl
788 2201 795 2221 :
817 2191 855 2223 C.
878 2190 966 2222 codd.
1114 2201 1154 2220 22
1177 2201 1298 2221 cccmu
1317 2190 1406 2222 codd.
1424 2201 1431 2220 z

105 2235 149 2264 ita
167 2240 299 2275 semper,
320 2234 357 2274 cs.
380 2239 393 2272 ξ
413 2236 456 2274 38
564 2235 759 2266 dissolverit
779 2234 966 2264 Lambinus
1106 2245 1146 2273 24
1173 2234 1334 2264 Fannium
1355 2233 1430 2264 bm:

107 2277 254 2309 Fannius
271 2282 337 2309 cett.
428 2289 446 2309 a
463 2278 503 2309 k:
532 2278 573 2309 de
590 2289 624 2308 c:
649 2289 713 2309 om.
731 2282 796 2310 cett.
889 2277 1003 2309 Flavio
1019 2280 1045 2307 Ω
1064 2288 1143 2317 mg„
1164 2278 1214 2309 *ῖς
1241 2276 1344 2308 Fabio
1361 2281 1426 2308 cctl.

105 2321 283 2352 abstulisse
301 2322 335 2353 b:
361 2322 553 2352 abstulisset
570 2325 636 2352 cell.
