1747 2620
151 82 196 123 17

147 284 193 324 18

149 355 192 388 4²

151 784 191 815 43

140 1571 188 1609 19

147 1641 187 1672 44

214 89 255 122 41
584 78 641 116 M.
673 78 842 116 TVLLI
875 78 1183 119 CICERONIS

215 193 379 238 totoque
408 186 680 227 Mithridatico
705 187 868 226 crimine
895 187 1077 227 disseruit
1105 189 1298 230 subtiliter
1320 198 1359 230 et
1385 191 1548 242 copiose

215 253 266 302 Q.
289 252 540 301 Hortensius,
563 267 649 301 nos,
672 260 714 291 ut
734 252 986 301 instituimus,
1010 255 1061 293 ad
1083 254 1232 306 reliqua
1251 270 1471 307 pergamus.

268 318 399 368 Caput
429 326 487 357 est
516 310 696 356 oninium
727 320 968 358 Graecorum
999 319 1338 369 concitandorum‚
1361 321 1429 373 qui
1455 336 1546 360 cum

211 382 507 422 accusatoribus
528 384 650 430 sedet,
676 383 910 422 Heraclides
932 383 997 423 ille
1010 384 1227 434 Temnites,
1246 387 1369 424 homo
1389 385 1545 437 ineptus

213 455 253 487 et
268 449 424 498 loquax,
441 449 522 495 sed,
539 455 581 486 ut
602 447 676 487 sibi
696 448 861 496 videtur,
878 448 931 487 ita
952 450 1092 488 doctus
1114 458 1156 489 ut
1177 450 1295 489 etiam
1317 451 1543 502 magistrum
1563 467 1580 499 5

215 512 371 552 illorum
401 527 442 552 se
472 527 557 552 esse
587 514 702 552 dicat.
761 516 825 562 At,
849 514 916 565 qui
944 514 997 553 ita
1026 516 1074 554 sit
1100 516 1333 556 ambitiosus
1354 525 1396 556 ut
1417 517 1545 556 omnis

214 592 284 617 vos
314 593 467 629 nosque
497 578 644 618 cotidie
663 582 886 630 persalutet,
910 581 1053 619 Temni
1075 596 1200 633 usque
1229 584 1280 622 ad
1310 582 1415 621 illam
1445 590 1547 622 aeta-

214 650 294 682 tem
324 643 364 682 in
395 652 575 682 senatum
596 644 728 683 venire
752 659 833 683 non
863 645 990 695 potuit
1012 654 1061 694 et,
1084 646 1151 697 qui
1172 660 1212 686 se
1233 655 1356 686 artem
1386 647 1545 687 dicendi

214 709 446 748 traditurum
477 709 595 748 etiam
626 710 763 749 ceteris
794 713 1031 762 profiteatur,
1055 712 1139 763 ipse
1160 713 1345 753 omnibus
1375 713 1547 765 turpissi-

214 773 287 812 mis
327 773 481 813 iudiciis
517 774 642 813 victus
677 783 746 814 est.
807 775 894 814 Pari
930 776 1114 816 felicitate
1147 779 1295 828 legatus
1329 793 1408 818 una
1438 779 1545 818 venit

214 839 466 888 Nicomedes,
494 840 562 891 qui
595 855 668 880 nec
698 841 738 880 in
766 850 946 880 senatum
975 844 1052 881 ulla
1081 843 1317 883 condicione
1344 844 1545 896 pervenire

214 906 342 956 potuit
372 914 410 945 et
440 906 529 945 furti
561 914 599 945 et
629 921 699 958 pro
729 907 838 946 socio
859 909 1068 947 damnatus
1099 916 1166 947 est.
1229 910 1332 947 Nam
1363 909 1544 962 princeps

212 971 428 1022 legationis,
467 971 644 1022 Lysania‚
681 973 849 1023 adeptus
889 981 946 1011 est
977 972 1156 1012 ordinem
1190 973 1440 1021 senatorium,
1474 975 1544 1013 sed

212 1051 303 1075 cum
325 1051 406 1075 rem
428 1036 628 1088 publicam
649 1037 815 1076 nimium
833 1039 1143 1088 amplecteretur,
1161 1040 1364 1088 peculatus
1385 1040 1545 1077 damna-

212 1109 274 1141 tus
306 1110 344 1141 et
374 1103 480 1141 bona
514 1110 551 1141 et
581 1103 821 1142 senatorium
851 1117 998 1142 nomen
1030 1103 1170 1142 amisit.
1232 1104 1289 1143 Hi
1319 1112 1394 1144 tres
1424 1105 1541 1144 etiam

211 1167 333 1206 aerari
371 1167 492 1207 nostri
532 1168 684 1206 tabulas
723 1170 838 1207 falsas
878 1183 962 1207 esse
1001 1170 1234 1217 voluerunt3
1281 1184 1372 1208 nam
1411 1184 1542 1209 servos

212 1246 355 1272 novem
385 1247 426 1272 se
458 1234 621 1284 professi
654 1241 745 1273 sunt
778 1234 934 1281 habere,
969 1248 1060 1273 cum
1091 1234 1255 1274 omnino
1285 1235 1368 1274 sine
1398 1235 1543 1275 comite

209 1298 419 1337 venissent.
480 1301 651 1337 Decreto
682 1298 893 1338 scribendo
924 1299 1094 1350 primum
1124 1299 1240 1339 video
1270 1300 1441 1340 adfuisse
1473 1303 1544 1352 Ly-

209 1364 370 1411 saniam,
394 1365 504 1403 culus
526 1364 650 1402 fratris
678 1365 793 1412 bona,
817 1366 926 1415 quod
956 1367 1105 1416 populo
1125 1380 1206 1405 non
1227 1366 1413 1414 solvebat,
1437 1380 1543 1417 prae-

210 1437 292 1468 tore
333 1431 474 1468 Flacco
514 1429 672 1479 publice
706 1430 923 1469 venierunt.
994 1433 1199 1470 Praeterea
1234 1431 1438 1483 Philippus
1469 1441 1539 1481 est,

209 1494 401 1545 Lysaniae
421 1509 548 1545 gener,
568 1503 606 1534 et
630 1497 883 1544 Hermobius,
904 1496 1014 1535 cuius
1036 1498 1150 1536 frater
1172 1497 1291 1536 Pollis
1313 1498 1405 1536 item
1426 1511 1541 1549 pecu-

208 1560 296 1600 niae
325 1561 507 1611 publicae
537 1569 595 1600 est
631 1563 930 1601 condemnatus
992 1562 1140 1602 Dicunt
1175 1577 1216 1602 se
1247 1565 1389 1603 Flacco
1418 1572 1456 1603 et
1485 1564 1541 1604 eis

207 1626 274 1676 qui
309 1625 425 1665 simul
459 1634 590 1665 essent
629 1628 904 1667 drachmarum
945 1641 1064 1668 ccmo
1104 1641 1169 1668 133
1208 1629 1377 1668 dedisse.
1436 1630 1540 1670 Cum

206 1690 362 1730 civitate
389 1691 484 1730 mihi
505 1705 564 1730 res
586 1699 644 1730 est
663 1692 853 1732 acerrima
874 1700 912 1732 et
934 1694 1282 1734 conficientissima
1311 1694 1537 1743 litterarum,

206 1754 245 1793 in
266 1769 345 1806 qua
364 1769 550 1795 nummus
569 1757 809 1796 commoveri
831 1760 961 1797 nullus
983 1767 1112 1810 potest
1133 1759 1217 1799 sine
1238 1759 1412 1810 quinque
1432 1773 1540 1811 prae-

205 1820 366 1868 toribus,
404 1821 526 1860 tribus
556 1822 842 1873 quaestoribus,
875 1831 1060 1873 quattuor
1090 1824 1306 1871 mensariis,
1335 1824 1400 1874 qui
1432 1825 1539 1875 apud

205 1884 291 1924 illos
321 1900 344 1924 a
373 1888 521 1937 populo
553 1895 742 1926 creantur.
807 1890 866 1926 Ex
896 1889 973 1927 hoc
1005 1896 1115 1928 tanto
1148 1903 1311 1928 numero
1344 1890 1538 1929 deductus

253 1999 266 2021 1
294 1990 430 2021 crimine
454 1991 522 2030 VB,
542 1993 651 2024 Sclzol.
674 2006 679 2024 :
706 1993 899 2024 testimonio
917 1993 945 2023 ὸ]
965 2006 970 2025 :
1001 2006 1063 2026 om.
1085 1999 1149 2026 cell.
1242 1994 1410 2034 suptiliter
1431 1994 1479 2024 V:
1505 1998 1538 2025 et

205 2034 372 2064 subtiliter
389 2039 452 2065 cell.
610 2039 630 2066 6
655 2037 794 2067 aliorum
813 2048 849 2068 se
867 2037 937 2077 χ’ῑίῗ
1046 2050 1082 2070 se
1108 2050 1183 2070 esse
1206 2039 1276 2078 Vx:
1310 2049 1386 2069 esse
1410 2048 1447 2069 se
1469 2041 1534 2069 cell.

204 2082 236 2108 at
253 2077 387 2108 Bat'ler:
414 2084 448 2109 et
467 2079 553 2111 codd.
668 2082 688 2110 8
713 2081 819 2120 potuit
838 2081 865 2111 is
884 2086 917 2112 et
939 2080 970 2111 V
1074 2094 1094 2122 9
1119 2083 1296 2122 profitetur
1314 2081 1392 2112 2b¹k
1498 2092 1538 2111 10

204 2121 313 2151 victus
336 2121 387 2152 V:
413 2123 584 2154 convictus
603 2127 665 2154 cell.
758 2125 888 2164 legatus
907 2136 971 2157 una
993 2126 1041 2157 V:
1066 2137 1131 2157 una
1150 2126 1281 2165 legatus
1299 2128 1363 2156 [εΗ.
1500 2136 1533 2155 11

206 2175 266 2195 nce
290 2165 336 2195 V:
362 2176 471 2206 neque
490 2171 553 2198 cell.
694 2178 732 2206 13
757 2168 903 2206 Lysania
925 2169 972 2201 V:
999 2171 1166 2210 Lysanias
1182 2169 1301 2209 schol„
1323 2172 1385 2199 cell.
1500 2178 1536 2207 15

205 2214 255 2239 cst
273 2208 362 2239 bona
380 2216 413 2241 ct
436 2211 463 2239 V
477 2214 506 2240 ct
521 2210 629 2241 Sclml.
776 2223 813 2251 19
837 2213 925 2252 quod
949 2213 996 2243 V:
1022 2215 1110 2253 quod
1130 2214 1156 2245 is
1174 2217 1236 2245 cell.
1367 2223 1403 2242 21
1433 2211 1536 2242 Pollis

209 2251 258 2281 V:
286 2252 384 2283 Poles
403 2257 467 2285 cell.
562 2264 603 2293 23
621 2255 735 2287 drach.
754 2256 792 2286 b:
823 2257 914 2295 drag.
936 2258 1021 2297 (gh.
1041 2257 1085 2297 V)
1105 2261 1169 2289 cett.
1235 2267 1327 2288 ccmo
1345 2265 1397 2287 130
1419 2255 1465 2285 V:
1491 2265 1537 2286 xv

206 2295 293 2325 milia
311 2300 375 2327 cell.
525 2309 565 2336 24
591 2304 623 2328 et
642 2299 935 2330 conficientissima
953 2307 1111 2332 &marum
1126 2302 1153 2342 c)
1176 2300 1300 2341 VBXc:
1324 2310 1387 2330 ont.
1410 2298 1466 2330 ΣὸῙ
1486 2299 1537 2340 (et

206 2339 488 2371 conficiendarum
510 2341 697 2373 litterarum
715 2342 973 2381 diligentissima
989 2345 1023 2385 k)
1233 2345 1275 2376 26
1300 2344 1405 2375 tribus
1421 2353 1487 2375 om.
1510 2341 1542 2373 V

207 2392 246 2421 27
274 2383 334 2414 hoc
353 2394 419 2415 om.
438 2384 547 2416 Sclzol.

1566 797 1601 820 10

1563 1121 1601 1154 ¹5

1563 1447 1601 1468 20
