1716 2662
68 811 106 833 10

67 1135 103 1167 15

68 1793 106 1824 25

432 98 540 135 PRO
572 100 617 136 A.
652 99 903 137 CAECINA
934 99 1152 137 ORATIO
1402 110 1450 148 27
1477 107 1516 148 :⁶

124 205 359 255 impresserit
389 206 490 245 deici
521 207 720 246 neminem
749 221 890 258 posse:
921 208 1022 255 iuris,
1047 223 1127 248 rem
1156 218 1192 249 et
1218 211 1450 249 sententiam
1476 222 1513 253 ῖῖ

123 281 161 311 et
186 273 423 322 aequitatem
447 273 657 323 plurimum
680 275 807 312 valere
835 283 1026 324 oportere,
1053 275 1236 322 libidinis,
1263 277 1380 314 verbo
1408 291 1452 315 ac

124 339 249 376 littera
288 337 345 375 ius
385 350 503 375 omne
544 338 782 388 intorqueri:
831 352 899 376 vos
939 340 1108 386 statuite,
1151 350 1451 391 recuperatores,

124 411 231 441 utrae
253 415 368 440 voces
391 402 502 440 vobis
524 403 769 442 honestiores
791 412 827 442 et
851 404 1023 443 utiliores
1045 419 1130 443 esse
1153 405 1366 444 rideantur.

180 470 271 507 Hoc
308 470 395 505 loco
431 470 712 518 percommode
747 469 889 507 accidit
925 472 1033 519 quod
1071 484 1149 508 non
1185 472 1296 509 adest
1328 471 1357 509 is
1388 472 1454 522 qui

124 536 243 584 paulo
269 542 361 572 ante
389 534 511 572 adfuit
540 542 576 572 et
604 536 742 572 adesse
774 535 888 572 nobis
921 537 1141 585 frequenter
1172 536 1208 573 in
1238 538 1310 574 bac
1338 550 1453 575 causa

123 602 232 646 solet,
257 599 311 636 vir
335 598 614 645 ornatissimus,
642 601 685 637 (j.
712 599 893 649 Aquilius
915 615 921 643 ;
953 613 1042 638 nam
1074 601 1159 651 ipso
1180 610 1384 651 praesente
1405 603 1455 640 de

123 666 261 704 virtute
291 664 373 702 cius
406 672 443 702 et
477 664 683 714 prudentia
723 664 896 702 timidius
935 665 1117 712 dicerem,
1155 667 1262 715 quod
1297 675 1333 704 et
1373 666 1454 716 ipse

124 732 274 782 pudore
294 731 468 780 quodam
498 731 731 768 adficeretur
752 744 797 768 ex
821 744 890 768 sua
912 732 1028 769 laude
1049 739 1087 770 et
1110 745 1173 770 me
1198 732 1333 770 similis
1356 732 1454 770 ratio

124 796 283 847 pudoris
304 809 326 833 a
347 795 560 846 praesentis
577 796 693 833 laude
713 796 907 843 tardaret,
938 795 1049 834 cuius
1066 797 1286 835 auctoritati
1304 797 1453 835 dictum

123 870 180 900 est
218 862 268 899 ab
304 861 367 899 illa
405 874 522 899 causa
561 860 728 899 concedi
771 861 936 899 nimium
978 874 1058 900 non
1098 870 1288 912 oportere.
1361 864 1454 901 Nan

123 940 256 965 vereor
276 927 325 964 de
346 925 411 963 tali
433 925 514 963 viro
535 939 584 963 ne
606 927 693 975 plus
722 925 850 963 dicam
875 939 991 975 quam
1017 939 1085 964 vos
1105 934 1172 965 aut
1193 927 1367 966 sentiatis
1388 936 1454 966 aut

122 993 229 1043 apud
263 1005 331 1029 vos
368 990 668 1029 commemorari
706 990 841 1029 velitis.
918 993 1168 1042 Quapropter
1200 994 1276 1032 hoc
1310 993 1453 1040 dicam,
1476 996 1513 1036 78

125 1070 340 1107 numquam
371 1056 453 1094 eius
483 1055 755 1094 auctoritatem
788 1055 954 1094 nimium
984 1058 1112 1095 valere
1143 1057 1254 1096 cuius
1287 1060 1454 1108 pruden-

123 1123 217 1161 tiam
248 1123 416 1172 populus
440 1123 646 1160 Romanus
669 1121 707 1159 in
730 1122 920 1168 cavendo,
945 1135 1025 1160 non
1048 1122 1086 1159 in
1108 1123 1346 1172 decipiendo
1374 1137 1455 1174 per-

124 1188 300 1238 spexerit,
333 1186 399 1236 qui
430 1185 521 1224 iuris
553 1186 675 1224 civilis
707 1185 898 1225 rationem
930 1200 1147 1237 numquam
1178 1188 1230 1226 ab
1258 1188 1455 1238 aequitate

124 1252 342 1299 seiunxerit,
377 1251 443 1302 qui
477 1259 533 1290 tot
567 1265 692 1290 annos
728 1251 940 1302 ingenium,
972 1252 1160 1301 laborem,
1188 1254 1307 1293 sidem
1344 1268 1453 1293 suam

124 1319 273 1369 populo
304 1319 489 1356 Romano
520 1325 742 1367 promptam
776 1317 1073 1368 expositamque
1101 1319 1322 1368 praebuerit
1339 1335 1349 1368 3
1388 1321 1454 1370 qui

126 1384 178 1422 ita
206 1383 329 1422 iustus
364 1390 422 1420 est
451 1390 490 1421 et
525 1382 652 1420 bonus
674 1382 729 1420 vir
759 1389 801 1420 ut
828 1390 977 1430 natura,
1005 1396 1085 1421 non
1118 1383 1336 1435 disciplina,
1364 1398 1455 1423 con-

126 1451 249 1488 sultus
289 1462 374 1487 esse
409 1447 597 1495 videatur,
640 1447 692 1486 ita
731 1447 876 1497 peritus
916 1461 962 1486 ac
1002 1449 1174 1498 prudens
1213 1457 1255 1487 ut
1290 1463 1335 1488 ex
1375 1450 1455 1489 iure

126 1514 227 1553 civili
249 1527 329 1553 non
351 1512 513 1551 scientia
535 1514 662 1550 solum
685 1513 880 1563 quaedam
900 1527 1033 1551 verum
1053 1513 1170 1551 etiam
1194 1514 1348 1552 bonitas
1365 1523 1456 1553 nata

125 1581 311 1626 videatur,
352 1578 461 1616 cuius
508 1586 660 1617 tanturn
706 1587 764 1618 est
810 1579 1022 1629 ingenium,
1067 1579 1120 1618 ita
1154 1580 1318 1630 probata
1356 1581 1455 1619 fides

126 1654 167 1684 ut
201 1643 390 1695 quicquid
422 1643 513 1681 inde
547 1644 702 1683 haurias
739 1658 880 1695 purum
917 1653 955 1683 te
990 1644 1264 1695 liquidumque
1303 1646 1455 1685 haurire

126 1710 280 1750 sentias
340 1710 431 1758 Qua
465 1722 504 1746 re
535 1722 788 1759 permagnam
825 1710 927 1749 initis
960 1725 982 1749 a
1014 1710 1128 1748 nobis
1159 1710 1331 1760 gratiam,
1364 1725 1453 1750 cum
1476 1724 1515 1758 79

127 1790 217 1815 eum
233 1782 433 1813 auctorem
456 1774 696 1813 defensionis
721 1784 877 1815 nostrae
900 1790 985 1814 esse
1002 1775 1141 1813 (licitis.
1203 1777 1307 1813 Illud
1323 1784 1452 1815 autem

128 1842 254 1889 miror,
277 1854 395 1891 quem
417 1853 485 1878 vos
505 1840 655 1890 aliquid
686 1849 822 1879 contra
844 1855 906 1880 me
937 1841 1079 1879 sentire
1099 1841 1250 1888 dicatis,
1273 1855 1340 1879 cur
1364 1855 1454 1880 eum

92 1946 96 1949 ,
126 1915 325 1946 auctorem
347 1919 415 1944 vos
437 1919 506 1955 pro
529 1919 591 1944 me
612 1906 828 1956 appelletiS,
850 1914 1026 1945 nostrum
1046 1906 1268 1945 nominetis.
1306 1909 1454 1945 Verum

174 2022 184 2040 1
214 2010 424 2050 impresserit
445 2009 538 2041 TEe:
572 2011 619 2041 ira
643 2011 803 2050 presserit
824 2014 890 2042 cett.
1094 2020 1162 2040 rem
1181 2015 1214 2040 ct
1237 2010 1270 2048 T,
1292 2010 1457 2051 Spengel:

128 2056 249 2086 retinet
265 2057 331 2084 cett.
468 2063 488 2092 3
513 2053 698 2093 intorqueri
717 2055 763 2085 T:
787 2055 933 2094 torqueri
952 2057 1016 2084 cell.
1110 2065 1128 2092 4
1154 2058 1249 2084 utrae
1267 2077 1274 2084 .
1295 2077 1302 2084 .
1323 2078 1329 2085 .
1350 2054 1454 2085 hone-

126 2099 248 2129 stiores
271 2097 316 2128 T:
341 2108 405 2128 om.
422 2100 486 2128 cett.
578 2103 611 2128 et
628 2098 764 2129 viliores
782 2097 870 2128 codd.
891 2110 897 2129 :
929 2108 1006 2128 corr.
1027 2097 1141 2128 Baiter
1271 2098 1291 2127 8
1314 2098 1402 2137 quod
1421 2104 1455 2128 et

131 2141 186 2172 Tc‘l
202 2153 208 2172 t
232 2142 319 2180 quod
337 2141 386 2171 c¹k
403 2154 409 2172 :
434 2151 501 2180 quo
519 2146 552 2172 et
569 2145 635 2173 cett.
792 2151 893 2172 10—11
920 2141 1091 2181 praesenti
1109 2164 1116 2171 .
1137 2164 1144 2171 .
1166 2165 1171 2171 .
1191 2145 1323 2181 oportet
1341 2140 1429 2172 codd.
1448 2153 1455 2172 z

126 2196 204 2215 corr,
229 2184 393 2225 Angelius
501 2195 533 2215 11
555 2195 620 2216 non
646 2185 751 2226 suppl.
783 2185 972 2224 Naugerius
999 2185 1049 2223 (2)
1144 2186 1181 2214 18
1206 2195 1283 2223 pop.
1316 2184 1357 2215 R.
1381 2188 1458 2224 post

127 2230 387 2268 expositamque
415 2228 488 2258 hah.
520 2227 551 2258 T
704 2239 741 2268 19
765 2233 815 2259 est
843 2228 901 2258 lmc
931 2227 995 2258 loco
1019 2227 1092 2258 hab.
1124 2227 1189 2267 TE,
1214 2231 1289 2267 post
1313 2228 1363 2257 vir
1389 2231 1452 2258 cett.

128 2283 168 2302 22
194 2272 238 2301 ita
256 2272 394 2310 probata
418 2271 550 2311 scripsi:
584 2276 620 2302 ut
645 2272 684 2303 ab
709 2273 777 2303 uita
796 2274 888 2313 (corr.
910 2272 942 2302 in
961 2271 1059 2309 inita)
1084 2270 1129 2300 T:
1155 2271 1199 2301 ita
1218 2275 1373 2311 prompta
1388 2274 1453 2302 cett.

127 2324 169 2352 23
186 2320 218 2345 te
230 2314 461 2355 liquidumque
485 2313 560 2345 TE:
584 2316 815 2355 liquidumque
832 2319 865 2346 te
882 2319 947 2346 cett.
1047 2315 1090 2344 26
1106 2324 1205 2354 quem
1222 2314 1356 2353 scripSi:
1380 2324 1454 2345 cum

133 2357 183 2389 T:
216 2367 276 2387 cur
289 2362 355 2388 cett.
455 2367 507 2388 me
527 2358 667 2401 sentire]
694 2359 820 2390 sentire
837 2368 879 2390 ne
902 2359 931 2390 T
1024 2367 1083 2389 cur
1104 2357 1236 2400 scripsi:
1274 2367 1348 2389 cum
1365 2356 1452 2389 codd.

129 2412 168 2441 27
194 2407 340 2432 vestrum
358 2402 387 2433 ς’
