1747 2620
163 62 214 99 33
234 67 278 100 90
605 54 660 90 M.
693 54 861 91 TVLLI
894 54 1200 93 CICERONIS

234 166 517 216 Fregellanum,
543 164 757 203 Marsicum
775 179 784 212 ;
818 164 962 215 quibus
984 165 1169 204 omnibus
1195 166 1422 206 domesticis
1443 175 1562 208 exter-

232 230 372 282 nisque
392 230 503 270 bellis
526 232 664 281 Capua
685 244 765 268 non
786 231 909 269 modo
929 244 1009 268 non
1038 230 1165 269 obfuit
1191 233 1261 271 sed
1281 232 1563 283 opportunissi-

233 310 336 335 mam
372 310 412 335 se
444 295 559 334 nobis
594 295 773 346 praebuit
803 303 841 334 et
875 296 926 334 ad
961 296 1109 334 bellum
1140 296 1413 336 instruendum
1444 305 1482 336 et
1510 299 1562 337 ad

230 361 420 401 exercitus
452 362 650 400 ornandos
687 368 725 400 et
760 360 871 399 tectis
906 374 952 399 ac
985 361 1145 400 sedibus
1184 364 1263 401 suis
1302 363 1559 414 recipiendos.

169 443 207 475 91
233 427 429 466 Homines
450 441 529 465 non
553 426 704 465 inerant
725 426 766 465 in
788 426 883 465 urbe
909 426 977 477 qui
1005 428 1116 465 malis
1145 427 1408 477 contionibus,
1432 429 1563 468 turbu·
1582 446 1600 478 5

229 492 344 532 lentis
382 500 540 532 senatus
580 491 780 540 consultis,
826 491 969 543 iniquis
1016 492 1187 543 imperiis
1235 508 1317 533 rem
1362 494 1561 545 publicam

230 558 437 598 miscerent
470 567 507 598 et
540 572 666 597 rerum
700 572 889 597 novarum
923 572 1083 597 causam
1114 559 1285 610 aliquam
1318 568 1560 610 quaererent.

230 626 372 676 Neque
392 624 497 664 enim
519 624 776 664 contionandi
807 632 980 675 potestas
1003 632 1083 664 erat
1110 625 1295 676 cuiquam
1323 640 1396 666 nec
1424 626 1562 666 consili

229 690 410 742 capiendi
441 690 613 741 publici3
654 704 734 729 non
766 690 911 740 gloriae
941 690 1157 742 cupiditate
1185 692 1458 742 efferebantur,
1478 706 1563 743 pro-

228 764 360 807 pterea
376 757 495 807 quod,
514 756 580 795 ubi
603 758 730 795 honos
752 755 910 806 publice
933 770 1013 794 non
1036 764 1104 804 est,
1128 756 1182 795 ibi
1202 756 1346 808 gloriae
1367 757 1560 809 cupiditas

228 836 313 862 esse
334 836 413 862 non
435 830 563 873 potest
579 837 589 871 3
618 837 697 861 non
723 822 988 869 contentione,
1008 835 1089 861 non
1111 822 1329 862 ambitione
1345 823 1557 863 discordes.

229 888 337 927 Nihil
365 890 468 928 enim
500 896 699 940 supererat
732 889 781 927 de
813 901 893 938 quo
925 895 1128 936 certarent,
1159 888 1256 927 nihil
1286 891 1395 940 quod
1425 898 1561 929 contra

227 962 415 1005 peterent,
448 954 542 993 nihil
580 954 644 993 ubi
685 953 931 993 dissiderent.
995 955 1135 1004 Itaque
1169 954 1276 993 illam
1312 956 1559 1007 Campanam

225 1021 495 1071 adrogantiam
517 1028 635 1070 atque
658 1019 946 1059 intolerandam
963 1019 1149 1059 ferociam
1166 1020 1316 1060 ratione
1336 1029 1373 1060 et
1395 1021 1561 1061 consilio

228 1086 393 1126 maiores
426 1086 544 1125 nostri
581 1088 631 1126 ad
663 1085 941 1125 inertissimum
975 1099 1021 1124 ac
1051 1085 1405 1125 desidiosissimum
1435 1087 1557 1126 otium

226 1153 500 1203 perduxerunt.
561 1152 623 1191 Sic
652 1159 689 1190 et
718 1150 957 1190 crudelitatis
988 1150 1190 1189 infamiam
1212 1153 1430 1202 effugerunt
1452 1154 1560 1203 quod

227 1219 363 1257 urbem
392 1232 438 1257 ex
467 1218 579 1256 Italia
601 1216 904 1269 pulcherrimam
937 1231 1017 1256 non
1050 1218 1300 1265 sustulerunt,
1324 1226 1362 1257 et
1391 1220 1559 1258 multum

227 1282 266 1321 in
287 1290 489 1334 posterum
510 1283 763 1334 providerunt
786 1283 895 1333 quod
917 1281 1044 1321 nervis
1066 1281 1172 1320 urbis
1193 1282 1379 1321 omnibus
1396 1284 1559 1323 exsectis

155 1337 207 1375 34
228 1349 364 1389 urbem
403 1349 526 1400 ipsam
567 1351 733 1388 solutam
768 1362 813 1387 ac
854 1348 1098 1387 debilitatam
1134 1347 1383 1399 reliquerunt.
1445 1351 1559 1389 Haec

164 1399 203 1431 92

225 1414 389 1454 consilia
409 1414 600 1453 maiorum
625 1416 680 1453 M.
701 1417 834 1461 Bruto,
856 1421 897 1452 ut
920 1421 1037 1452 antea
1058 1413 1147 1461 dixi,
1168 1415 1493 1464 reprehendenda
1520 1422 1558 1454 et

226 1482 269 1520 P.
292 1482 412 1519 Rullo
432 1479 513 1519 visa
534 1488 649 1527 sunt3
680 1493 810 1530 neque
832 1486 880 1526 te,
906 1481 946 1517 P.
975 1479 1103 1525 Rulle,
1129 1478 1262 1517 omina
1283 1478 1348 1518 illa
1370 1481 1425 1518 M.
1449 1481 1558 1518 Bruti

223 1552 342 1596 atque
368 1544 542 1596 auspicia
570 1559 593 1583 a
621 1544 735 1583 simili
767 1546 894 1584 furore
922 1545 1130 1583 deterrent.
1194 1545 1298 1582 Nam
1323 1551 1361 1583 et
1388 1545 1470 1595 ipse
1491 1545 1559 1595 qui

224 1612 400 1659 deduxit.
417 1618 455 1650 et
475 1610 540 1661 qui
564 1611 830 1662 magistratum
856 1612 1017 1661 Capuae
1039 1610 1106 1649 illo
1128 1617 1284 1649 creante
1305 1618 1506 1661 ceperunt7
1522 1618 1560 1650 et

225 1676 289 1727 qui
330 1676 501 1727 aliquam
542 1684 691 1727 partem
732 1676 833 1715 illius
877 1675 1140 1724 deductionis,
1178 1675 1349 1723 honoris,
1387 1678 1559 1715 muneris

224 1741 445 1792 attigerunt,
467 1742 596 1781 omnis
612 1742 884 1781 acerbissimas
910 1741 1119 1794 impiorum
1137 1754 1286 1792 poenas
1302 1744 1554 1793 pertulerunt.

228 1809 277 1846 Et
302 1807 488 1858 quoniam
511 1809 571 1847 M.
596 1807 703 1846 Bruti
731 1815 849 1859 atque
875 1807 975 1847 illius
994 1807 1180 1859 temporis
1206 1807 1279 1846 feci
1302 1808 1556 1855 mentionem,

226 1874 548 1912 commemorabo
570 1873 609 1913 id
632 1875 740 1924 quod
763 1882 919 1925 egomet
938 1874 1029 1921 vidi,
1054 1888 1144 1913 cum
1162 1875 1355 1913 venissem
1380 1875 1557 1924 Capuam

226 1937 382 1978 colonia
411 1938 486 1977 iam
517 1940 690 1978 deducta
723 1941 764 1978 L.
791 1939 983 1980 Considio
1014 1947 1052 1978 et
1082 1941 1167 1978 Sex.
1197 1938 1329 1986 Saltio,
1359 1952 1477 1989 quem
1507 1940 1557 1977 ad

268 2052 287 2082 5
313 2043 526 2075 contionibus
543 2046 571 2077 le.
593 2045 779 2087 Naugerius
802 2048 871 2086 (ιδῑ
898 2044 1144 2077 conditionibus
1159 2048 1223 2074 cell.
1372 2053 1387 2081 7
1413 2042 1557 2082 aliquam

225 2098 291 2117 0111.
306 2086 339 2116 Ji
413 2098 434 2126 9
458 2088 615 2127 capiundi
632 2090 720 2121 codd.
811 2101 846 2129 14
872 2094 1085 2128 arrogantem
1099 2087 1145 2118 lse
1217 2097 1253 2125 15
1277 2086 1331 2127 ac]
1352 2086 1433 2117 etN
1522 2088 1558 2116 18

225 2131 378 2161 omnibus
391 2131 471 2160 urbe
483 2131 529 2163 li:
566 2134 721 2165 ominibus
739 2134 878 2174 Madwgr
990 2132 1136 2162 exsectis
1147 2131 1193 2165 ω’,
1209 2130 1392 2161 Beroaldus
1407 2141 1414 2160 ε
1440 2129 1556 2161 eiectis

224 2178 288 2205 rell.
309 2186 314 2204 :
344 2174 459 2205 electis
477 2176 618 2219 Madmgr
742 2190 784 2209 :20
809 2174 863 2218 et'l
884 2182 917 2208 ut
943 2176 1069 2207 Rr'clzlcr
1093 2180 1140 2205 =et
1159 2174 1193 2206 P.
1216 2174 1319 2204 Rullo
1336 2185 1400 2204 0111.
1421 2173 1504 2214 Lag.
1527 2184 1555 2212 7,

224 2217 282 2248 dcl.
303 2218 432 2259 Bm'lcr)
538 2232 572 2251 21
603 2217 716 2253 'omina
735 2234 755 2260 μ
774 2226 812 2262 [ω
831 2221 913 2262 ηις.)
934 2221 984 2252 ς;
1009 2219 1118 2249 onmia
1136 2222 1200 2248 cell.
1222 2218 1286 2257 (ω’),
1386 2227 1428 2257 23
1452 2227 1555 2256 capua

225 2261 333 2292 locare
351 2268 428 2293 ante
446 2264 499 2295 li:
526 2276 630 2305 capua
651 2272 683 2297 et
701 2265 862 2296 locreanti
882 2275 929 2302 ise
950 2267 998 2304 ιιι)
1018 2266 1082 2293 cell.
1101 2273 1107 2292 :
1131 2273 1208 2293 corr.
1235 2260 1405 2292 Turnebus
1515 2271 1555 2298 24

225 2304 406 2337 deditionis
423 2308 510 2338 codd.
532 2320 539 2338 :
571 2319 650 2339 corr.
671 2309 860 2349 Naugerius
874 2309 925 2347 (ῐῆ
1038 2307 1079 2336 26
1105 2305 1148 2336 M.
1168 2304 1273 2344 suppl.
1293 2304 1408 2335 Baiter
1514 2305 1556 2333 28

225 2348 390 2380 coloniam
426 2351 602 2383 deductam
635 2351 724 2383 codd.
744 2363 750 2382 ι
789 2363 866 2383 corr.
903 2350 1032 2381 Ix’t'clilct*
1064 2349 1144 2390 giam
1177 2348 1304 2388 addidi)
1438 2347 1555 2378 censio

227 2392 307 2433 <-cio
324 2392 376 2434 Ν)
395 2393 478 2425 Em

1585 775 1623 798 10

1583 1104 1620 1138 15

1580 1432 1621 1454 20

1581 1758 1617 1790 25
