1747 2620
196 134 246 171 33
268 132 306 162 82
634 124 690 162 M.
723 124 893 161 TVLLt
926 96 1234 163 CICERONIs

267 235 415 286 diligat,
436 236 544 274 omni
574 237 693 274 laude
719 235 883 285 dignum
914 243 1035 286 putet,
1065 243 1107 274 tu
1137 249 1201 274 me
1229 249 1251 275 a
1281 235 1358 274 tuis
1386 235 1601 276 inimicitiis

266 302 317 338 ad
332 301 569 339 simultatem
586 309 755 339 veterem
771 301 946 348 vocabis,
959 301 1014 339 sic
1028 301 1104 339 tuis
1121 301 1332 339 sceleribus
1349 302 1403 339 rei
1419 302 1602 352 publicae

266 367 471 416 praeterita
506 368 583 404 fata
622 366 859 405 refricabis?
931 367 1052 415 Quod
1092 366 1254 416 quidem
1293 374 1351 415 tu,
1393 366 1459 416 qui
1501 367 1602 404 bene

266 444 401 468 nosses
433 431 758 469 coniunctionem
785 444 912 469 meam
937 438 975 469 ct
1005 430 1194 478 Caesaris,
1227 431 1428 478 eludebas,
1457 445 1547 469 cum
1575 445 1600 470 a

265 509 329 534 me
350 497 608 536 trementibus
631 497 797 536 omnino
826 497 956 544 labris,
986 498 1056 535 sed
1086 504 1219 535 tamen
1249 510 1318 536 cur
1348 497 1420 536 tibi
1452 511 1598 536 nomen
1620 513 1638 545 5

264 574 345 600 non
366 562 558 601 deferrem
579 562 814 613 requirebas.
858 563 1127 613 Quamquam,
1148 563 1257 612 quod
1282 563 1333 601 ad
1360 576 1424 601 me
1447 562 1596 611 attinet,

342 640 590 690 ‘numquam
620 638 735 677 istam
763 636 998 677 imminuam
1027 651 1162 677 curam
1191 637 1401 678 infitiando
1431 638 1527 687 tibi‚'

264 723 396 755 tamen
435 723 493 755 est
533 715 629 754 mihi
672 715 1007 754 considerandum
1054 723 1248 766 quantum
1288 715 1343 753 illi
1388 715 1505 755 tantis
1544 716 1598 755 rei

263 781 446 831 publicae
462 781 629 832 negotiis
645 789 835 832 tantoque
862 781 969 820 bello
989 781 1182 832 impedito
1209 794 1283 832 ego
1304 782 1427 820 homo
1448 781 1598 821 amicis-

263 847 384 885 simus
412 846 687 886 sollicitudinis
718 855 838 897 atque
865 846 995 886 oneris
1027 846 1242 897 imponam.
1314 848 1401 886 Nec
1429 848 1597 898 despero
1621 863 1658 885 10

262 919 407 960 tamen,
448 925 690 963 quamquam
730 914 888 963 languet
927 911 1110 950 iuventus
1150 925 1225 951 nec
1270 912 1434 963 perinde
1476 920 1596 964 atque

261 978 433 1017 debebat
462 978 502 1016 in
537 978 664 1017 laudis
700 986 740 1017 et
778 977 924 1029 gloriae
962 977 1179 1029 cupiditate
1217 986 1401 1026 versatur,
1443 979 1593 1018 futuros

260 1043 414 1093 aliquos
453 1043 521 1094 qui
561 1043 760 1082 abiectum
809 1045 886 1082 hoc
935 1044 1102 1081 cadaver
1141 1043 1414 1082 consularibus
1461 1044 1594 1094 spoliis

260 1110 409 1148 nudare
439 1123 520 1148 non
550 1109 688 1157 nolint,
718 1108 944 1160 praesertim
973 1116 1053 1147 tam
1072 1108 1244 1156 adflicto,
1268 1116 1349 1147 tam
1370 1108 1489 1160 inopi,
1512 1117 1592 1148 tam

260 1175 427 1223 infirmo,
450 1183 530 1213 tam
558 1182 744 1214 enervato
774 1188 851 1222 reo,
874 1174 942 1225 qui
970 1181 1008 1213 te
1028 1174 1081 1212 ita
1104 1173 1269 1224 gesseris
1290 1182 1333 1213 ut
1360 1174 1516 1213 timeres
1543 1189 1593 1213 ne
1616 1189 1654 1222 15

259 1239 444 1290 indignus
478 1240 674 1279 beneficio
705 1239 901 1287 videreris,
938 1239 1010 1278 nisi
1044 1239 1127 1278 eius
1161 1253 1184 1278 a
1218 1253 1300 1290 quo
1334 1240 1474 1279 missus
1509 1254 1593 1280 eras

260 1305 480 1344 simillimus
505 1305 727 1344 exstitisses.

187 1353 238 1435 {4
312 1373 377 1408 An
404 1384 496 1409 vero
526 1378 566 1409 tu
595 1384 731 1421 parum
763 1378 876 1420 putas
903 1370 1153 1420 investigatas
1184 1384 1269 1409 esse
1297 1384 1320 1409 a
1350 1371 1465 1410 nobis
1492 1371 1591 1410 labis

221 1414 237 1444 ‘3
259 1436 396 1486 imperi
434 1436 489 1474 tui
525 1436 740 1486 stragisque
772 1435 1029 1486 provinciae?
1071 1449 1169 1486 quas
1204 1436 1366 1486 quidem
1403 1450 1474 1475 nos
1509 1450 1589 1476 non

258 1501 428 1551 vestigiis
458 1503 670 1540 odorantes
701 1501 895 1551 ingressus
934 1509 1022 1539 tuos
1055 1502 1123 1539 sed
1159 1501 1251 1540 totis
1281 1502 1588 1541 volutationibus
1610 1518 1652 1540 20

256 1567 430 1618 corporis
469 1577 507 1605 et
546 1566 744 1605 cubilibus
783 1567 977 1617 persecuti
1017 1580 1164 1605 sumus.
1190 1570 1198 1579 ⁸
1238 1568 1386 1606 Notata
1417 1581 1441 1606 a
1474 1568 1590 1607 nobis

256 1639 347 1671 sunt
367 1640 405 1670 et
432 1633 557 1682 prima
584 1632 648 1670 illa
676 1633 822 1670 scelera
850 1631 888 1669 in
919 1633 1091 1670 adventu
1113 1645 1216 1679 cum,
1239 1640 1401 1682 accepta
1422 1633 1589 1683 pecunia

255 1711 277 1736 a
311 1697 562 1748 Dyrrachinis
594 1698 646 1735 ob
677 1710 815 1735 necem
858 1696 1023 1746 hospitis
1058 1697 1112 1734 tui
1146 1697 1322 1744 Platoris,
1354 1697 1436 1736 eius
1467 1698 1593 1748 ipsius

254 1764 419 1801 domum
468 1762 668 1801 devertisti
718 1762 827 1800 cuius
877 1761 1106 1811 sanguinem
1153 1763 1371 1810 addixeras,
1417 1777 1589 1813 eumque

254 1828 372 1867 servis
406 1827 698 1878 symphoniacis
733 1835 769 1865 et
801 1827 884 1865 aliis
918 1827 1145 1865 muneribus
1175 1827 1347 1877 acceptis
1382 1828 1585 1867 timentem
1610 1840 1650 1874 25

254 1895 503 1942 multumque
533 1892 781 1930 dubitantem
819 1892 1058 1930 confirmasti
1089 1900 1126 1930 et
1154 1893 1478 1931 Thessalonicam
1509 1895 1587 1933 fide

251 1965 318 1996 tua
339 1957 469 1995 venire
491 1956 645 1995 iussisti.
709 1958 839 2005 Quem
869 1970 918 1995 ne
945 1956 1135 1995 maiorum
1167 1957 1329 2007 quidem
1363 1971 1472 1997 more
1500 1972 1587 2009 sup-

251 2022 370 2073 plicio
390 2021 582 2070 adfecisti,
605 2035 696 2060 cum
719 2022 835 2061 miser
857 2021 920 2060 ille
941 2022 1141 2060 securibus
1163 2022 1328 2073 hospitis
1344 2023 1403 2062 sui
1417 2023 1586 2063 cervices

294 2137 314 2157 2
336 2131 487 2158 veterem
505 2126 644 2157 vocabis
663 2126 797 2166 scripsi:
827 2126 1001 2157 revocabis
1018 2125 1107 2157 codd.
1241 2136 1262 2165 3
1287 2126 1371 2168 sata]
1390 2116 1436 2158 113
1453 2139 1486 2165 ω,
1501 2127 1584 2158 sacta

248 2170 304 2210 ‹pkn
317 2169 363 2200 ed.
382 2170 414 2200 V
484 2169 590 2210 quod]
609 2170 642 2200 in
661 2181 727 2210 quo
739 2170 829 2201 Koch
911 2174 945 2200 tu
963 2170 1036 2210 qui]
1055 2179 1129 2200 cum
1148 2168 1282 2209 quiEe:
1308 2180 1381 2201 cum
1394 2175 1428 2201 111
1447 2181 1489 2200 n:
1514 2176 1582 2202 tum

249 2213 304 2252 qni
321 2214 400 2244 coni.
419 2213 528 2243 Halm
656 2224 693 2243 12
718 2213 861 2244 debebat
878 2213 924 2243 Ee
939 2224 946 2243 ε
971 2213 1091 2243 debeat
1109 2216 1172 2245 cell.
1300 2223 1336 2252 14
1362 2214 1468 2244 nolint
1479 2211 1559 2246 Ee&-
1576 2227 1582 2245 :

250 2256 332 2288 nolit
346 2260 409 2288 cett.
496 2257 591 2296 inopi
607 2257 713 2288 Halm
729 2268 736 2288 ε
760 2257 871 2296 opimo
887 2256 975 2288 codd.
1071 2266 1109 2296 15
1136 2255 1268 2287 infirmo
1282 2257 1338 2297 φεῖ
1353 2269 1359 2288 :
1384 2257 1500 2288 infimo
1513 2261 1579 2288 cett.

249 2310 291 2330 20
315 2310 452 2338 gressus
469 2299 506 2331 N
620 2311 657 2330 21
686 2300 836 2331 notanda
850 2299 938 2331 codd.
960 2311 965 2330 :
991 2311 1069 2330 corr.
1084 2300 1250 2340 Angelius
1370 2311 1409 2340 24
1431 2301 1580 2332 evertisti

248 2343 336 2374 codd.
359 2354 366 2374 ε
384 2354 463 2375 corr.
486 2343 676 2375 Mommsen
810 2353 849 2383 25
874 2344 1033 2383 accepisti
1048 2348 1252 2374 trementem
1270 2342 1317 2373 Ee
