1747 2620
183 89 226 127 13
247 96 285 126 30
614 82 673 119 M.'
702 82 870 120 TVLLI
902 81 1210 121 CICERONIS

243 191 374 232 divina
407 192 584 243 Pompei,
621 192 791 243 primum
827 194 1047 244 praedones
1078 207 1145 232 eos
1176 193 1243 244 qui
1280 201 1363 232 tum
1397 208 1486 233 cum
1523 193 1575 232 illi

242 258 389 297 bellum
422 258 660 296 maritimum
685 260 901 308 gerendum
931 260 1067 297 datum
1095 266 1153 297 est
1179 266 1263 298 toto
1291 258 1386 298 mari
1412 257 1576 310 dispersi

241 323 482 374 vagabantur
497 324 675 361 redactos
692 336 777 361 esse
794 322 922 361 omnis
938 321 978 361 in
990 325 1132 373 populi
1142 325 1317 362 Romani
1328 331 1574 375 potestatem,

241 387 388 426 deinde
413 387 561 438 Syriam
593 401 677 426 esse
710 395 894 434 nostram,
929 387 1109 427 Ciliciam
1139 388 1272 433 teneri,
1303 391 1478 439 Cyprum
1508 403 1577 440 per

243 454 517 491 Ptolomaeum
542 466 673 502 regem
702 452 798 490 nihil
824 454 981 500 audere,
1010 461 1210 503 praeterea
1237 455 1395 493 Cretam
1425 453 1575 492 Metelli
1597 467 1614 498 5

242 517 382 557 virtute
414 532 499 557 esse
532 526 718 565 nostram,
754 517 850 556 nihil
883 532 968 557 esse
1000 520 1107 557 unde
1138 519 1445 569 proficiscantur,
1479 519 1576 557 nihil

242 598 322 634 quo
352 591 604 630 revertantur,
638 583 766 622 omnis
797 583 915 630 sinus,
950 584 1231 634 promunturia,
1263 584 1385 631 litora,
1417 583 1575 632 insulas,

184 663 217 693 3¹
242 648 348 688 urbis
385 648 597 687 maritimas
637 648 813 687 claustris
847 648 984 699 imperi
1021 648 1141 687 nostri
1181 649 1383 688 contineri.
1455 650 1577 699 Quod

241 713 273 753 si
314 716 457 753 Flacco
496 721 673 764 praetore
709 728 828 752 nemo
867 713 906 751 in
948 714 1043 752 mari
1080 715 1226 764 praedo
1261 714 1406 761 fuisset,
1442 720 1576 753 tamen

242 779 357 818 huius
388 779 589 829 diligentia
623 780 948 830 reprehendenda
983 793 1063 818 non
1099 787 1211 819 esset.
1283 779 1438 819 Idcirco
1469 779 1575 819 enim
1598 791 1638 816 10

241 846 350 896 quod
371 844 434 884 hic
456 846 620 884 classem
642 845 855 892 habuisset,
878 844 1139 884 existimarem
1161 860 1242 884 non
1264 845 1391 884 fuisse.
1438 845 1578 895 Quid?

241 910 272 950 si
295 913 337 950 L.
369 910 482 962 Eppi,
508 912 550 949 L.
584 910 689 961 Agri,
716 912 760 951 C.
790 910 908 958 Cesti,
939 910 1116 961 equitum
1143 913 1429 958 Romanorum,
1461 910 1576 949 huius

240 976 359 1015 etiam
389 975 591 1015 clarissimi
619 975 699 1023 viri,
729 976 801 1015 Cn.
838 975 998 1022 Domiti,
1030 975 1096 1026 qui
1126 975 1165 1014 in
1195 976 1290 1016 Asia
1317 984 1400 1014 tum
1427 978 1576 1027 legatus

242 1041 324 1089 fuit,
364 1040 592 1080 testimonio
640 1042 768 1080 doceo
811 1054 859 1079 eo
901 1040 987 1091 ipso
1026 1049 1204 1091 tempore
1251 1056 1331 1092 quo
1373 1049 1414 1080 tu
1457 1055 1576 1093 negas

241 1108 406 1146 classem
441 1107 668 1146 habendam
707 1106 836 1153 fuisse,
879 1106 1091 1157 compluris
1125 1121 1148 1144 a
1186 1107 1452 1157 praedonibus
1491 1121 1576 1146 esse
1599 1119 1636 1152 ¹5

241 1180 389 1223 captos,
425 1179 557 1210 tamen
594 1171 722 1210 Flacci
759 1171 966 1211 consilium
1008 1171 1047 1210 in
1087 1172 1298 1223 remigibus
1337 1172 1576 1223 imperandis

241 1238 566 1288 reprehendetur?
637 1236 747 1286 Quid
813 1236 844 1275 si
895 1236 1013 1275 etiam
1067 1237 1221 1275 occisus
1269 1245 1327 1276 est
1373 1252 1397 1276 a
1443 1237 1576 1289 piratis

242 1304 533 1352 Adramytenus
565 1303 687 1341 homo
719 1301 872 1350 nobilis,
901 1302 1012 1341 cuius
1048 1310 1106 1340 est
1137 1304 1216 1341 fere
1248 1302 1362 1341 nobis
1390 1303 1576 1342 omnibus

242 1382 388 1406 nomen
431 1369 622 1414 auditum,
665 1370 839 1418 Atyanas
884 1368 990 1418 pugil
1031 1368 1359 1419 Olympionices?
1402 1370 1479 1407 hoc
1517 1377 1576 1408 est

241 1435 347 1484 apud
370 1435 554 1481 Graecos,
577 1433 764 1487 quoniam
797 1434 846 1472 de
872 1448 1007 1473 eorum
1036 1433 1222 1484 gravitate
1251 1433 1428 1481 dicimus,
1452 1447 1575 1484 prope
1597 1446 1638 1470 20

243 1498 367 1537 maius
394 1507 432 1538 et
455 1498 661 1550 gloriosius
691 1513 810 1549 quam
842 1501 994 1538 Romae
1023 1498 1295 1549 triumphasse.
1360 1501 1434 1538 ‘At
1455 1499 1576 1538 nemi-

242 1578 333 1603 nem
367 1564 529 1615 cepisti.’
587 1566 718 1613 Quam
756 1564 867 1602 multi
901 1578 990 1603 orae
1023 1564 1240 1603 maritimae
1271 1564 1473 1603 clarissimi
1509 1564 1577 1603 viri

243 1631 492 1680 praefuerunt
525 1629 602 1680 qui,
636 1643 726 1668 cum
765 1631 1006 1680 praedonem
1043 1631 1194 1668 nullum
1229 1629 1436 1680 cepissent,
1470 1643 1576 1668 mare

243 1702 374 1733 tamen
406 1701 533 1732 tutum
562 1696 861 1749 praestiterunt!
921 1695 1045 1735 Casus
1075 1702 1132 1733 est
1163 1694 1267 1733 enim
1298 1694 1337 1732 in
1367 1694 1573 1744 capiendo,

242 1760 363 1805 locus,
399 1767 550 1806 ventuS,
585 1759 768 1807 occasio-3
804 1759 1046 1799 defendendi
1076 1759 1198 1812 facilis
1232 1767 1290 1797 est
1320 1759 1461 1805 cautio,
1493 1773 1573 1798 non
1597 1775 1635 1808 25

243 1825 374 1862 solum·
392 1823 562 1862 latibulis
589 1826 833 1863 occultorum
856 1826 1031 1864 locorum
1061 1826 1130 1863 sed
1152 1824 1268 1863 etiam
1297 1832 1574 1874 tempestatum

180 1882 224 1919 14
245 1889 514 1928 moderatione
549 1898 587 1929 et
621 1891 888 1930 conversione.
950 1890 1163 1941 Reliquum
1199 1899 1256 1929 est
1291 1899 1331 1929 ut
1370 1899 1577 1940 quaeratur

185 1943 223 1973 3²
244 1962 372 1994 utrum
408 1955 481 1995 ista
516 1956 650 1996 classis
683 1971 799 1996 cursu
848 1966 886 1996 et
920 1957 1050 2004 remis,
1081 1971 1130 1996 an
1164 1964 1323 2007 sumptu
1354 1964 1504 1994 tantum
1537 1965 1576 1995 et

286 2077 304 2096 2
328 2067 471 2106 dispcrsi
504 2080 539 2099 c:
580 2068 732 2107 disperse
764 2068 829 2106 χῶς
864 2068 1016 2107 dispersa
1044 2068 1086 2096 ΣΙ)
1241 2077 1260 2105 3
1288 2067 1401 2106 populi
1430 2067 1573 2097 Romani

242 2110 346 2150 suppl.
370 2111 494 2152 Campe
654 2122 670 2150 7
696 2112 926 2151 promunturia
944 2111 996 2140 B:
1023 2111 1256 2150 promuntoria
1274 2114 1319 2141 2:
1344 2111 1574 2150 promontoria

242 2157 306 2185 crll.
479 2167 515 2186 12
543 2155 577 2187 L.
598 2155 701 2195 Oppii
720 2155 738 2184 b
873 2154 982 2195 Cesti]
1002 2155 1109 2185 Sextii
1128 2154 1146 2184 b
1282 2165 1317 2192 14
1344 2154 1396 2194 tul
1415 2159 1449 2184 tu
1468 2154 1539 2193 ipsc
1556 2155 1574 2183 b

247 2198 283 2227 18
308 2199 434 2229 adriani
455 2205 488 2229 et
513 2209 592 2236 tom.
612 2203 645 2229 et
671 2198 730 2228 b¹c²²
765 2203 862 2229 tenus
891 2198 1002 2228 Eb‘S‘:
1034 2198 1228 2228 adriatcnus
1247 2202 1269 2228 Σ
1288 2208 1377 2236 mg:
1410 2198 1572 2227 adriame-

244 2247 342 2272 tenus
359 2241 416 2281 Bi<
432 2253 437 2271 ε
464 2254 542 2272 corr.
568 2241 708 2272 Vrsinus
880 2252 916 2281 19
942 2241 1095 2280 Atyanas
1113 2241 1203 2280 pugil
1226 2241 1387 2271 Garatom·
1405 2241 1456 2279 ‘cf
1474 2240 1569 2270 lel.

245 2284 327 2316 Bz'bl.
345 2290 377 2324 p.
392 2287 433 2323 83
451 2286 478 2324 Ι),
500 2297 542 2323 40
553 2285 696 2317 Bckker:
724 2285 844 2315 Atinas
865 2285 943 2315 '‘Ac-
962 2285 1030 2324 χεῖ)
1049 2285 1142 2323 pugil
1159 2284 1268 2323 3525:
1303 2289 1337 2314 ut
1364 2285 1396 2313 in
1422 2283 1572 2323 aspugilo

246 2332 268 2357 Σ
282 2339 292 2358 τ
312 2334 346 2358 at
363 2329 453 2368 pugil
471 2329 501 2357 bl
635 2338 676 2366 25
700 2333 821 2358 ventus
837 2328 952 2368 scripsi
968 2339 973 2358 :
998 2333 1139 2358 eventus
1157 2326 1245 2357 codd.
1366 2337 1406 2366 27
1432 2336 1573 2357 convcr-

244 2372 338 2402 sione
357 2376 389 2401 ct
407 2371 635 2402 moderatione
652 2371 695 2410 b‘,
713 2371 864 2402 Faernus
1000 2372 1040 2401 28
1065 2370 1144 2411 ista]
1162 2375 1275 2402 nostra
1293 2370 1325 2401 B
1422 2380 1521 2401 cursu
1538 2373 1573 2400 et'

242 2425 307 2446 om.
328 2414 383 2445 Σόι
