1716 2662
481 61 593 100 PRO
621 61 667 100 L.
698 60 918 101 FLACCO
946 59 1166 101 ORATIO
1430 68 1486 107 42
1508 72 1569 106 104

157 173 256 210 haec
282 172 388 210 salva
408 185 493 211 esse
514 174 720 212 voluerunt
740 172 832 224 ipsis
857 186 942 212 esse
969 172 1094 211 salvis.
1155 172 1299 219 Nolite,
1323 172 1482 220 iudices,
1509 183 1569 216 105

157 235 378 275 existimare
397 250 465 275 eos
486 237 630 287 quibus
651 237 843 288 integrum
864 245 933 284 est,
956 237 1023 288 qui
1045 237 1223 275 nondum
1243 238 1295 275 ad
1316 238 1485 276 honores

156 310 416 349 accesserunt,
432 316 512 341 non
525 310 750 352 exspectare
764 302 879 341 huius
893 302 1038 340 exitum
1054 301 1183 340 iudici.
1230 300 1269 340 Si
1284 303 1327 339 L.
1344 303 1486 340 Flacco

158 374 288 405 tantus
325 380 436 405 amor
474 366 513 405 in
553 367 680 406 bonos
719 367 858 414 omnis,
894 375 1047 405 tantum
1086 366 1125 404 in
1165 380 1245 405 rem
1285 366 1484 416 publicam

118 445 136 478 5
157 430 330 470 studium
351 431 563 470 calamitati
591 431 715 479 fuerit,
738 446 857 482 quem
878 433 1044 482 posthac
1071 439 1150 469 tam
1178 439 1376 470 amentem
1404 432 1486 470 fore

157 497 301 547 putatis
328 497 395 548 qui
423 511 502 536 non
531 497 637 536 illam
657 497 759 536 viam
781 497 882 535 vitae
909 511 1028 547 quam
1054 504 1146 535 ante
1174 496 1425 547 praeeipitem
1446 504 1486 534 et

157 562 347 602 lubricam
368 577 453 602 esse
479 564 650 602 ducebat
678 563 769 602 huic
788 565 929 613 planae
949 570 988 601 et
1014 562 1142 601 stabili
1163 563 1483 613 praeponendam

156 642 242 667 esse
261 628 498 667 arbitretur?
542 630 663 677 Quod
684 628 712 666 si
738 628 872 667 talium
894 628 1037 667 civium
1059 641 1138 675 VOS,
1161 627 1322 675 iudices,
1341 629 1482 673 taedet,

157 693 353 732 ostendite
372 708 381 741 5
411 693 620 731 mutabunt
647 693 881 732 sententiam
903 692 971 743 qui
992 692 1215 742 potuerint;
1244 693 1486 731 constituent

99 771 138 794 10
157 758 253 809 quid
290 766 407 809 agant
445 758 589 809 quibus
623 757 816 809 integrum
850 766 930 804 est;
975 772 1046 797 nos
1081 757 1147 808 qui
1182 758 1259 796 iam
1294 756 1484 808 progressi

156 838 291 862 sumus
321 825 427 862 hunc
456 824 602 863 exitum
633 832 789 863 nostrae
818 823 1045 863 temeritatis
1075 825 1254 862 feremus.
1313 822 1381 861 Sin
1409 824 1485 861 hoc

154 889 289 927 animo
318 903 436 939 quam
468 889 655 940 plurimos
685 904 770 928 esse
799 891 924 936 voltis,
955 888 1202 928 declarabitis
1232 889 1308 927 hoe
1338 887 1485 926 iudicio

156 954 252 1004 quid
272 954 459 993 sentiatis.
520 954 640 1002 Huic,
655 954 746 993 huie
761 954 904 993 misero
921 968 1042 1005 puero
1058 962 1186 992 vestro
1206 968 1253 992 ac
1273 953 1485 992 liberorum
1510 959 1568 990 106

155 1028 371 1058 vestrorum
400 1019 580 1070 supplici,
612 1019 772 1067 iudices,
804 1021 882 1058 hoc
911 1019 1057 1058 iudicio
1087 1019 1244 1058 vivendi
1276 1026 1485 1069 praecepta

99 1099 134 1131 ¹5
155 1084 310 1124 dabitis.
370 1084 446 1124 Cui
472 1084 503 1123 si
525 1092 675 1135 patrem
697 1084 947 1132 conservatis,
971 1084 1096 1134 qualis
1124 1083 1208 1134 ipse
1234 1084 1378 1122 debeat
1398 1098 1484 1122 esse

155 1150 248 1189 civis
278 1149 575 1201 praescribens,
613 1149 643 1188 si
675 1149 831 1200 eripitis,
866 1149 1083 1188 ostendetis
1118 1150 1248 1188 bonae
1277 1148 1415 1188 rationi
1445 1156 1485 1188 et

154 1215 350 1254 constanti
371 1223 410 1254 et
435 1214 539 1266 gravi
560 1217 712 1254 nullum
741 1229 764 1254 a
784 1214 895 1253 vobis
922 1216 1090 1253 fructum
1111 1228 1197 1253 esse
1222 1214 1482 1265 propositum.

155 1280 235 1330 Qui
265 1295 345 1328 vos,
375 1280 563 1331 quoniam
594 1288 652 1319 est
681 1281 721 1319 id
751 1281 887 1320 aetatis
917 1288 959 1319 ut
989 1294 1148 1319 sensum
1177 1280 1253 1318 iam
1285 1280 1484 1330 percipere

156 1345 278 1396 possit
317 1360 364 1384 ex
402 1359 577 1384 maerore
615 1345 752 1395 patrio,
790 1345 979 1385 auxilium
1020 1346 1198 1383 nondum
1244 1344 1343 1395 patri
1389 1346 1486 1383 ferre

98 1423 138 1446 20
156 1410 289 1462 possit,
312 1418 396 1449 orat
416 1425 465 1449 ne
485 1424 600 1449 suum
621 1411 770 1448 luctum
791 1410 908 1460 patris
930 1410 1108 1457 lacrimis,
1131 1409 1248 1460 patris
1270 1423 1485 1448 maerorem

156 1490 228 1515 suo
249 1477 343 1515 fletu
362 1475 558 1526 augeatis;
588 1475 655 1526 qui
672 1475 787 1514 etiam
812 1489 874 1514 me
896 1474 1076 1521 intuetur,
1096 1489 1159 1513 me
1176 1477 1282 1513 voltu
1302 1476 1483 1525 appellat.

157 1554 286 1579 meam
316 1542 487 1590 quodam
518 1541 639 1579 modo
669 1541 766 1578 flens
797 1541 914 1578 fidem
948 1540 1128 1590 implorat
1157 1554 1203 1577 ac
1232 1539 1371 1589 repetit
1399 1553 1486 1578 eam

156 1620 276 1657 quam
293 1619 366 1656 ego
386 1605 483 1656 patri
505 1619 576 1644 suo
593 1607 794 1656 quondam
812 1620 881 1656 pro
903 1607 1025 1644 salute
1042 1605 1187 1655 patriae
1207 1603 1487 1654 spoponderim

158 1671 400 1722 dignitatern.
462 1671 704 1710 Miseremini
728 1672 909 1719 familiae,
925 1672 1085 1718 iudices,
1107 1669 1344 1708 miseremini
1366 1669 1489 1708 fortis-

99 1749 135 1782 25
158 1737 245 1777 simi
273 1738 401 1788 patris,
430 1738 665 1778 miseremini
689 1738 767 1786 fili3
801 1752 947 1777 nomen
980 1735 1237 1776 clarissimum
1267 1742 1306 1774 et
1332 1733 1489 1772 fortissi-

158 1817 266 1842 mum
282 1805 342 1842 vel
357 1804 508 1855 generis
525 1805 584 1843 vel
601 1805 803 1843 vetustatis
818 1805 878 1842 vel
899 1801 1071 1842 hominis
1094 1814 1212 1840 causa
1230 1799 1283 1839 rei
1304 1795 1488 1851 publicae

157 1878 357 1909 reservate.

205 1989 220 2015 4
248 1977 279 2007 in
299 1987 367 2007 rem
385 1987 416 2016 p.
436 1975 502 2007 cod.
521 1975 567 2007 H.
591 1974 773 2015 Sleplmm':
811 1974 844 2004 in
863 1984 898 2004 re
916 1983 947 2013 p.
969 1973 1035 2004 mci
1217 1982 1233 2009 7
1261 1969 1407 2001 ducebat
1425 1969 1491 2000 zb:

160 2021 291 2051 dicebat
310 2021 364 2059 χς
537 2031 557 2057 9
584 2024 742 2058 poterunt
758 2018 786 2057 b,
802 2017 933 2047 Erucslt'
1110 2026 1146 2055 ¹3
1170 2016 1258 2053 huic,
1279 2012 1371 2052 huie]
1390 2013 1464 2043 huic
1481 2012 1496 2042 ι’

166 2073 203 2102 15
230 2064 368 2104 dabitis]
389 2063 437 2093 ‘ci
455 2063 585 2104 supple*
607 2066 630 2094 Σ
648 2073 715 2102 mg.
839 2063 877 2090 16
900 2060 943 2101 si]
962 2060 1015 2090 sin
1033 2059 1210 2090 Manutius
1299 2056 1490 2088 ostendetis

162 2107 191 2136 b¹
211 2119 217 2138 :
241 2107 418 2138 ostenditis
435 2110 498 2138 ccli.
664 2115 704 2135 22
728 2104 883 2144 implorat
902 2114 940 2135 ac
958 2103 1126 2144 Angelius
1142 2113 1148 2132 :
1175 2101 1380 2141 imploratam
1401 2100 1468 2138 Σὸχ
1484 2108 1491 2128 :

163 2151 345 2191 implorans
361 2151 390 2181 ὅ·
553 2159 595 2188 24
620 2149 789 2180 fortissimi
807 2158 873 2179 om.
892 2159 909 2178 s
1072 2156 1112 2186 25
1138 2150 1172 2176 ct
1190 2144 1407 2177 fortissimum
1423 2153 1488 2174 om.

160 2194 267 2225 Paris
292 2195 394 2225 16228
