1716 2662
39 443 56 474 5

20 767 57 790 10

364 54 476 93 PRo
508 55 549 91 P.
583 52 863 102 QVINCTIO
895 52 1111 92 ORATIO
1357 53 1400 91 18
1421 57 1463 102 56

75 180 167 206 cum
188 168 230 205 P.
254 164 445 214 Quinctio
471 165 624 202 nullum
654 162 754 202 suit?
783 176 862 213 quo
883 170 920 202 te
941 163 1102 202 nomine
1128 165 1404 214 appellemus?

77 231 343 282 Improbum?
412 232 466 267 At
504 228 622 267 etiarn
661 227 693 266 si
740 229 938 266 desertum
977 228 1249 266 vadimonium
1288 236 1400 274 esset,

76 304 210 335 tamen
230 296 270 334 in
292 295 364 334 ista
386 293 653 346 postulatione
673 301 710 332 et
735 293 1021 344 proscriptione
1046 294 1241 332 bonorum
1264 293 1404 344 impro-

77 361 262 400 bissimus
283 360 540 411 reperiebare.
599 358 878 397 Malitiosum?
935 360 1028 398 Non
1051 372 1180 409 negas.
1234 360 1405 397 Fraudu-

76 427 258 465 lentum?
316 427 402 465 Iam
422 425 463 464 id
484 424 646 475 quidem
668 425 832 474 adrogas
860 424 932 463 tibi
954 432 993 463 et
1013 426 1254 475 praeclarum
1277 433 1402 475 putas,

76 492 296 539 Audacem,
332 490 534 541 cupidum,
567 489 857 540 perfidiosum?
927 489 1112 539 Yolgaria
1151 498 1189 529 et
1228 491 1407 529 obsoleta

76 564 192 605 sunt3
235 570 294 595 res
326 564 459 594 autern
499 568 601 593 nova
634 562 753 604 atque
792 554 978 593 inaudita.
1040 554 1150 603 Quid
1190 568 1281 605 ergo
1320 557 1468 603 est?57

77 623 228 661 Vereor
264 636 327 661 me
357 621 516 660 hercule
555 634 605 658 ne
643 627 710 658 aut
741 618 983 670 gravioribus
1014 628 1099 658 utar
1129 620 1257 658 verbis
1288 634 1407 670 quam

76 695 214 727 natura
248 688 330 733 fert,
357 694 424 725 aut
451 684 661 724 levioribus
689 698 808 735 quarn
836 698 954 723 causa
981 686 1164 736 postulat.
1225 685 1296 723 Ais
1323 699 1407 724 esse

77 751 348 791 vadimonium
373 752 584 790 desertum.
644 749 849 798 Quaesivit
877 763 901 787 a
930 756 982 797 te,
1004 749 1135 796 statim
1167 758 1209 787 ut
1236 751 1406 788 Romam

77 817 200 863 rediit,
236 815 447 866 Quinctius
480 828 560 865 quo
594 814 659 853 die
690 813 963 853 vadimonium
999 814 1100 853 istuc
1140 816 1288 853 factum
1323 828 1407 853 esse

75 883 237 921 diceres.
298 880 555 932 Respondisti
585 879 739 918 statim:
780 879 907 918 Nonis
940 880 1052 918 Febr.
1115 879 1336 919 Discedens
1367 879 1407 917 in

77 946 307 987 memoriam
328 946 428 985 redit
453 945 665 995 Quinctius
697 959 776 995 quo
803 944 868 983 die
898 947 1029 983 Roma
1055 945 1094 982 in
1124 944 1293 984 Galliam
1322 959 1407 996 pro-

76 1014 200 1052 fectus
221 1012 295 1060 sit3
323 1013 374 1051 ad
395 1010 691 1062 ephemeridem
722 1009 951 1058 revertitur3
985 1010 1181 1049 invenitur
1211 1010 1295 1049 dies
1322 1024 1407 1061 pro-

77 1077 255 1117 fectionis
269 1076 393 1128 pridie
411 1077 499 1114 Kal.
517 1075 629 1114 Febr.
676 1074 803 1114 Nonis
821 1076 933 1114 Febr.
951 1075 983 1113 si
998 1077 1151 1113 Romae
1165 1075 1247 1122 fuit,
1266 1088 1406 1113 causae

76 1142 172 1181 nihil
188 1141 356 1181 dicimus
377 1140 474 1191 quin
495 1139 566 1179 tibi
588 1139 859 1179 vadimonium
883 1139 1116 1190 promiserit.
1159 1139 1299 1188 Quid?
1329 1141 1405 1179 hoc
1425 1151 1465 1190 58

75 1207 239 1248 inveniri
269 1207 336 1258 qui
365 1208 525 1257 potest?
583 1207 785 1244 Profectus
817 1213 876 1244 est
906 1219 984 1244 una
1015 1207 1058 1243 L.
1096 1204 1246 1251 Albius,
1283 1206 1404 1244 homo

16 1298 23 1305 ›
76 1288 167 1312 cum
196 1272 330 1324 primis
360 1273 575 1318 honestus3
605 1270 710 1309 dicet
742 1270 1022 1309 testimonium.
1085 1269 1284 1308 Prosecuti
1315 1278 1406 1308 sunt

76 1337 284 1377 familiares
305 1345 343 1376 et
364 1336 525 1375 Albium
547 1344 585 1374 et
608 1335 839 1385 Quinctium
861 1350 872 1383 3
901 1335 1034 1374 dicent
1063 1334 1104 1372 hi
1125 1348 1284 1385 quoque
1304 1334 1407 1373 testi-

18 1422 32 1444 2
76 1403 267 1443 monium.
326 1402 497 1441 Litterae
528 1404 570 1440 P.
599 1400 772 1451 Quincti,
801 1408 920 1440 testes
950 1408 1018 1447 tot,
1048 1399 1192 1450 quibus
1221 1399 1405 1438 omnibus

76 1483 194 1509 causa
214 1467 424 1507 iustissima
451 1475 509 1506 est
542 1481 609 1506 cur
637 1466 734 1506 scire
765 1465 979 1518 potuerint,
1001 1466 1108 1504 nulla
1128 1478 1196 1503 cur
1217 1463 1405 1503 mentian-

76 1543 146 1582 tur,
170 1548 261 1574 cum
281 1532 534 1585 astipulatore
555 1540 623 1571 tuo
644 1532 988 1583 comparabuntur.

131 1603 181 1639 Et
216 1600 255 1638 in
289 1601 364 1638 hac
397 1598 480 1638 eius
515 1597 626 1637 modi
658 1610 776 1637 causa
808 1599 850 1636 P.
888 1595 1098 1646 Quinctius
1137 1594 1330 1634 laborabit
1367 1602 1406 1634 et
1426 1615 1465 1646 59

75 1666 221 1706 diutius
261 1665 301 1704 in
339 1672 450 1705 tanto
491 1672 599 1702 metu
635 1663 752 1702 miser
790 1661 1044 1713 periculoque
1078 1660 1324 1700 versabitur?
1367 1668 1405 1700 et

76 1732 348 1771 vehementius
380 1745 471 1770 eum
502 1729 625 1781 gratia
659 1727 868 1768 adversarii
900 1726 1129 1777 perterrebit
1158 1739 1277 1777 quam
1307 1727 1404 1765 fides

76 1797 215 1836 iudicis
247 1795 544 1836 consolabitur?
614 1794 720 1833 Vixit
758 1793 863 1832 enim
906 1805 1060 1842 semper
1100 1790 1246 1830 inculte
1286 1797 1404 1841 atque

75 1862 232 1902 horride
249 1877 259 1911 3
289 1870 426 1902 natura
453 1860 550 1900 tristi
580 1874 625 1900 ac
646 1859 850 1900 recondita
879 1857 981 1904 fuit3
1011 1870 1092 1895 non
1123 1857 1174 1894 ad
1206 1855 1400 1901 solarium,

75 1942 155 1967 non
188 1927 227 1966 in
261 1941 414 1978 campo,
452 1940 533 1966 non
567 1925 607 1964 in
639 1925 827 1964 conviviis
864 1931 1038 1962 versatus
1077 1928 1161 1968 est3
1190 1919 1231 1959 id
1258 1920 1335 1971 egit
1361 1928 1404 1959 ut
1452 1922 1454 1925 ’

74 1993 223 2032 amicos
262 1991 521 2038 observantia,
555 2004 637 2030 rem
670 1989 907 2042 parsimonia
949 1987 1156 2034 retineret3
1200 1985 1402 2036 antiquam

118 2108 137 2136 4
162 2108 229 2128 non
252 2097 458 2128 malitiosum
481 2106 586 2136 negas
612 2095 690 2125 Eblz
716 2105 794 2125 num
819 2092 1043 2124 malitiosum?
1068 2101 1173 2130 negas
1198 2090 1296 2129 Βχς,
1325 2100 1403 2120 corr.

76 2140 266 2172 Lambinus
369 2150 388 2179 5
415 2139 496 2170 iarnl
517 2150 591 2170 nam
611 2138 670 2178 ὂχῑ
789 2147 822 2168 11
851 2138 938 2168 istud
956 2136 1019 2167 ὁῑῗ
1127 2145 1163 2165 12
1189 2133 1360 2164 Februarii
1375 2133 1405 2164 ⁴3·

78 2194 116 2223 13
141 2185 238 2215 rediit
255 2183 343 2215 codd.
359 2194 366 2214 :
391 2194 468 2214 corr.
488 2182 611 2213 Mz'c‘ller
725 2182 763 2211 18
787 2181 876 2212 dicet
893 2191 931 2216 xc
947 2192 953 2211 :
977 2179 1058 2210 dicit
1074 2183 1137 2209 cest.
1232 2177 1404 2218 prosecuti

75 2228 131 2258 B:
157 2228 300 2267 profecti
319 2231 383 2259 cett.
548 2237 586 2266 19
610 2230 643 2256 et
667 2224 800 2255 Albium
827 2229 861 2255 et
888 2224 1063 2263 Quintium
1083 2221 1158 2253 23:
1194 2226 1228 2252 et
1256 2220 1344 2252 Albii
1371 2224 1405 2250 et

76 2271 206 2310 Quintii
221 2276 286 2302 cett.
380 2271 413 2302 hi
431 2271 492 2310 ὀχι
517 2270 563 2301 hii
579 2272 603 2300 Σ
619 2281 624 2299 :
650 2269 672 2300 ii
687 2269 717 2300 θ’
848 2277 885 2298 21
912 2266 1002 2298 nulla
1018 2265 1092 2307 cur]
1112 2265 1201 2296 nulla
1219 2268 1244 2297 Σ
1363 2273 1404 2302 23

77 2315 267 2346 huiusmodi
285 2315 302 2345 b
409 2314 572 2345 laborabit
587 2312 668 2344 bus:
696 2310 856 2342 laboravit
874 2315 937 2342 cett.
