1747 2620
169 82 226 120 30
244 77 284 108 82
611 71 667 108 M.
699 70 867 107 TVLLI
901 69 1208 108 CICERONIS

242 191 372 225 torum
388 183 631 235 diligentiam
649 186 655 223 Ι
692 182 801 233 Quid
817 184 833 222 ?
873 183 975 224 Cum
991 196 1013 221 a
1030 181 1244 222 maioribus
1261 181 1402 221 nostris
1420 184 1461 222 P.
1478 183 1577 224 Len-

242 252 357 298 tulus,
381 250 448 301 qui
477 250 659 301 princeps
687 256 846 288 senatus
854 248 952 298 filil,
977 249 1015 286 in
1043 261 1089 287 ea
1119 249 1206 287 loca
1235 247 1376 287 missus
1407 256 1508 287 esset
1535 257 1578 288 ut

241 316 413 367 privatos
449 329 562 367 agros
605 314 672 366 qui
711 314 752 353 in
791 314 995 365 publicum
1036 315 1286 365 Campanum
1326 313 1578 354 incurrebant

241 381 410 432 pecunia
439 380 600 431 publica
629 387 837 427 coemeret,
861 379 1004 419 dicitur
1034 379 1278 418 renuntiasse
1307 381 1416 419 nulla
1444 393 1486 419 se
1514 393 1579 431 pe-

241 446 359 485 cunia
378 447 546 485 fundum
571 445 777 484 cuiusdam
798 459 928 484 emere
955 444 1141 497 potuisse,
1164 434 1337 496 eumque
1363 445 1430 496 qui
1455 447 1577 486 nollet
1597 460 1614 492 5

240 514 412 552 vendere
443 512 534 551 ideo
564 525 727 562 negasse
756 525 798 550 se
827 510 974 550 adduci
1004 524 1121 562 posse
1150 510 1206 549 uti
1237 511 1425 550 venderet
1454 512 1573 562 quod,

240 592 332 618 cum
367 577 486 629 pluris
521 578 666 616 fundos
698 577 871 625 haberet,
901 591 948 616 ex
982 576 1048 615 illo
1083 577 1168 615 solo
1198 577 1324 615 fundo
1358 590 1576 627 numquam

179 653 222 693 83
241 645 390 684 malum
428 642 612 682 nuntium
650 642 836 682 audisset.
915 643 1030 681 Itane
1068 643 1190 681 vero?
1239 641 1434 693 privatum
1478 643 1576 682 haec

240 723 360 749 causa
372 708 587 748 commovit
603 723 613 757 3
642 709 835 760 populum
853 709 1083 747 Romanum
1104 720 1155 747 ne
1174 721 1309 758 agrum
1325 708 1576 758 Campanum

240 774 398 827 privatis
422 773 539 825 gratis
569 775 691 812 Rullo
715 780 877 824 rogante
904 774 1030 812 tradat
1058 787 1139 812 non
1169 772 1467 813 commovebit?
1522 775 1576 813 At
1597 785 1637 808 10

240 840 349 880 idem
368 841 538 892 populus
561 841 768 879 Romanus
790 840 840 878 de
860 840 938 878 hoc
957 838 1138 889 vectigali
1163 846 1294 890 potest
1315 839 1446 878 dicere
1466 840 1576 889 quod

239 906 305 945 ille
326 907 377 945 de
397 919 468 945 suo
489 907 614 944 fundo
634 905 778 945 dixisse
804 904 956 944 dicitur.
1017 904 1112 943 Asia
1137 905 1282 943 multos
1311 917 1437 943 annos
1463 905 1575 944 vobis

240 973 409 1011 fructum
433 970 705 1009 Mithridatico
735 971 840 1010 bello
869 984 951 1008 non
981 969 1079 1017 tulit,
1105 968 1390 1020 Hispaniarum
1411 970 1575 1021 vectigal

240 1036 485 1088 temporibus
506 1035 736 1074 Sertorianis
757 1036 909 1074 nullum
931 1034 1013 1082 fuit,
1037 1034 1191 1073 Siciliae
1218 1034 1440 1073 civitatibus
1469 1035 1574 1074 bello

239 1102 492 1154 fugitivorum
513 1104 582 1140 Μ’.
604 1101 787 1152 Aquilius
809 1100 927 1139 etiam
957 1107 1140 1138 mutuum
1170 1101 1410 1139 frumentum
1440 1100 1575 1149 dedit3
1596 1115 1633 1149 15

239 1176 278 1207 at
312 1182 358 1207 ex
392 1169 468 1206 hoc
500 1166 678 1217 vectigali
711 1179 928 1216 numquam
964 1166 1090 1203 malus
1124 1164 1286 1203 nuntius
1314 1165 1472 1204 auditus
1502 1174 1570 1205 est.

240 1235 381 1274 Cetera
401 1233 604 1283 vectigalia
626 1232 716 1271 belli
739 1230 1035 1271 difficultatibus
1065 1230 1330 1280 adfliguntur5
1361 1232 1437 1269 hoc
1458 1231 1574 1270 vecti-

178 1313 217 1353 84
237 1300 312 1350 gali
343 1299 461 1338 etiam
492 1298 583 1337 belli
614 1298 862 1337 difficultates
893 1303 1172 1335 sustentantur.
1233 1295 1390 1334 Deinde
1425 1295 1464 1334 in
1498 1298 1573 1335 hac

237 1364 510 1415 adsignatione
529 1377 709 1414 agrorum
733 1377 783 1401 ne
810 1362 906 1401 illud
935 1361 1096 1412 quidem
1127 1361 1205 1400 dici
1235 1368 1365 1412 potest
1392 1364 1501 1412 quod
1531 1362 1571 1401 in

236 1431 384 1477 ceteris,
421 1443 534 1479 agros
566 1431 741 1468 desertos
773 1442 796 1467 a
827 1428 944 1479 plebe
975 1436 1093 1478 atque
1127 1441 1150 1466 a
1181 1429 1332 1466 cultura
1363 1428 1569 1468 hominum
1590 1440 1633 1463 20

173 1506 216 1543 31
236 1495 448 1534 liberorum
468 1508 554 1534 esse
575 1508 655 1533 non
683 1502 873 1545 oportere.
935 1493 998 1532 Sic
1024 1493 1130 1532 enim
1158 1493 1259 1542 dico,
1283 1494 1314 1533 si
1343 1495 1570 1545 Campanus

234 1575 325 1611 ager
358 1560 567 1608 dividatur,
599 1559 793 1598 exturbari
829 1567 867 1598 et
902 1558 1042 1609 expelli
1078 1561 1236 1610 plebem
1271 1573 1317 1598 ex
1346 1560 1456 1610 agris,
1489 1574 1570 1599 non

234 1626 419 1665 constitui
448 1633 485 1665 et
515 1624 723 1664 conlocari.
784 1627 910 1664 Totus
933 1626 1038 1664 enim
1065 1640 1156 1677 ager
1183 1627 1410 1677 Campanus
1432 1627 1571 1665 colitur

235 1698 274 1730 et
303 1691 524 1741 possidetur
552 1704 574 1728 a
604 1691 730 1740 plebe,
754 1698 792 1729 et
820 1704 843 1728 a
873 1691 989 1741 plebe
1018 1691 1168 1741 optima
1194 1699 1231 1730 et
1253 1691 1570 1740 modestissima5

236 1758 345 1806 quod
364 1769 487 1805 genus
515 1755 722 1794 hominum
745 1756 894 1805 optime
922 1764 1127 1804 moratum,
1152 1757 1391 1807 optimorum
1422 1765 1460 1796 et
1488 1771 1567 1796 ara·
1587 1765 1627 1797 25

235 1828 362 1860 torum
391 1829 428 1860 et
456 1820 637 1868 militum,
658 1821 708 1859 ab
732 1822 808 1859 hoc
833 1821 1028 1871 plebicola
1049 1822 1207 1861 tribuno
1235 1823 1361 1873 plebis
1391 1823 1568 1863 funditus

281 1937 293 1956 1
320 1926 400 1966 quid
425 1926 572 1956 Richter:
607 1927 695 1965 quod
723 1925 810 1956 codd.
832 1937 838 1957 ε
872 1926 1022 1965 Quirites
1046 1927 1161 1958 B'n'ler
1185 1928 1236 1967 (ff-
1256 1927 1420 1967 Zielinski,
1436 1932 1470 1967 p.
1489 1930 1565 1969 201)

234 1981 253 2000 2
277 1976 414 2000 senatus·
438 1968 558 2000 ewssok:
588 1974 722 1999 sena'or
749 1973 814 2001 cett.
951 1970 1010 2001 fuit
1035 1973 1137 2011 suppl.
1170 1971 1392 2002 Lauredanns
1419 1972 1514 2010 (fort.
1533 1972 1568 2003 in

233 2014 398 2053 archetypo
420 2016 495 2051 erat,
518 2013 560 2044 ui.
584 2013 744 2052 princeps
762 2023 849 2051 serr,
871 2014 907 2053 cs.
931 2013 1016 2046 Care.
1038 2016 1088 2045 88.
1113 2015 1188 2053 104)
1317 2020 1352 2045 ut
1371 2015 1458 2046 Ecle:
1482 2022 1569 2047 utet

233 2061 323 2088 cem:
349 2057 430 2096 sort.
458 2061 492 2087 ut
518 2058 618 2087 ctiam
764 2067 783 2095 4
809 2063 981 2088 coemeret
1007 2057 1120 2095 Mpffz
1153 2058 1313 2088 coemerit
1336 2059 1420 2088 Eelv
1548 2060 1569 2089 8

234 2101 438 2140 privatorum
460 2101 584 2139 (-urum
605 2100 656 2139 N)
675 2099 757 2130 EeN
878 2112 898 2140 9
923 2111 1020 2132 causa
1039 2107 1227 2132 commovet
1247 2107 1568 2139 <com1novetcausa

232 2144 294 2179 E):
319 2155 395 2175 corr.
413 2145 601 2185 Naugerius
615 2145 665 2184 (1)
743 2145 776 2174 in
795 2145 954 2184 populum
967 2144 1001 2174 N
1088 2156 1126 2176 10
1143 2145 1365 2176 commovebit
1377 2143 1568 2177 M⁸msw2⁶7=

233 2190 450 2220 commoverit
469 2193 534 2219 cett.
632 2198 665 2218 11
695 2188 780 2218 idem
795 2187 877 2228 Lag.
892 2199 922 2226 9.
940 2188 1129 2219 Mommsen
1148 2201 1154 2220 ι
1173 2190 1274 2220 fidem
1290 2189 1435 2229 &quidem
1449 2190 1482 2223 ij
1499 2193 1563 2220 cell.

235 2233 286 2271 (cf.
304 2236 317 2269 ξ
336 2233 412 2271 103)
488 2242 524 2270 15
552 2232 594 2263 M.
612 2231 736 2262 Atilius
749 2230 837 2262 codd.
856 2242 863 2261 t
879 2242 956 2263 corr.
970 2232 1194 2263 Lanredzmus
1257 2243 1293 2272 17
1320 2232 1566 2263 difficultatibus

233 2274 299 2305 Ee:
324 2275 536 2306 facultatibus
553 2280 617 2306 cett.
638 2277 701 2313 (tta
718 2281 810 2306 mox)
927 2285 1034 2305 20-22
1059 2286 1159 2314 agros
1176 2300 1182 2307 .
1203 2301 1209 2307 .
1229 2300 1236 2307 .
1258 2276 1426 2306 dividatur
1442 2287 1507 2307 om.
1528 2275 1569 2306 M

235 2328 273 2349 21
301 2319 425 2349 liberos
443 2319 475 2349 E
573 2330 614 2349 22
639 2323 672 2349 et
689 2317 790 2350 ENe:
815 2327 879 2349 om.
900 2322 964 2350 cett.
1068 2321 1110 2352 26
1133 2319 1297 2361 plebicola
1313 2319 1369 2350 N:
1393 2320 1567 2359 plebecola

234 2361 375 2394 Moscuss:
398 2362 574 2402 plebecula
590 2366 657 2393 cett.
