1716 2662
334 67 444 104 PRO
475 68 519 105 c.
554 66 792 103 RABIRIO
826 65 1088 104 POSTVMO
1121 65 1335 103 ORATIO
1446 74 1487 110 17
1508 79 1549 109 47

162 176 202 214 in
226 176 406 226 patriam
445 177 628 215 reductos
664 176 771 215 testis
810 174 1052 214 liberalitatis
1090 182 1192 222 tuae,
1230 175 1338 224 quod
1372 187 1488 224 saepe

160 240 292 279 audivi
314 239 411 291 patri
432 248 500 279 tuo
522 239 659 280 Curtio
681 253 823 289 magno
843 239 1074 278 adiumento
1104 239 1143 277 in
1175 238 1322 277 iudicio
1353 237 1488 288 capitis

162 305 306 353 fuisse3
347 305 417 344 sed
456 304 532 343 iam
568 304 700 343 omnia
733 304 881 352 timeo3
920 303 1106 342 bonitatis
1146 303 1266 353 ipsius
1302 302 1488 341 invidiam
1509 308 1550 347 48

161 369 382 408 reformido.
460 371 563 407 Nam
602 369 749 408 indicat
791 377 847 407 tot
883 368 1088 407 hominum
1129 369 1241 406 fletus
1282 381 1400 418 quam
1439 367 1489 406 sis

124 450 140 480 5
162 448 272 473 carus
293 434 381 481 tuis,
402 441 440 472 et
461 447 524 472 me
548 435 661 472 dolor
687 434 865 472 debilitat
887 432 1190 483 intercluditque
1212 446 1360 472 vocem.
1406 434 1489 470 Vos

162 500 337 545 obsecro,
374 498 536 544 iudices,
572 506 614 536 ut
645 498 736 536 huic
770 498 921 549 optimo
961 498 1054 545 viro,
1089 511 1168 548 quo
1203 512 1321 536 nemo
1354 498 1491 536 melior

162 577 349 614 umquam
371 563 453 610 suit,
476 576 622 602 nomen
643 563 784 613 equitis
809 562 980 602 Romani
1002 570 1039 601 et
1067 576 1224 600 usuram
1251 563 1366 600 huius
1394 561 1490 600 lucis

161 636 199 667 et
233 636 403 667 vestrum
438 636 695 679 conspectum
732 642 781 666 ne
814 627 993 678 eripiatis.
1046 628 1126 665 Hic
1160 640 1229 665 vos
1259 626 1365 664 aliud
1394 625 1491 664 nihil

163 701 245 733 orat
271 692 344 731 nisi
370 700 412 730 ut
437 692 551 731 rectis
579 693 702 731 oculis
728 694 830 730 hane
858 693 995 730 urbem
1027 690 1098 730 sibi
1131 691 1271 730 intueri
1300 698 1418 741 atque
1447 698 1490 728 ut

104 775 143 797 10
162 758 202 796 in
241 759 316 796 hoc
351 758 434 796 foro
474 756 679 807 vestigium
718 759 843 796 faeere
874 759 998 803 liceat,
1033 757 1142 807 quod
1173 755 1302 806 ipsum
1335 756 1490 794 fortuna

161 823 366 874 eripuerat,
386 822 459 861 nisi
479 822 594 861 unius
614 822 728 861 amici
750 836 845 873 opes
867 822 1150 861 subvenissent.

209 938 221 958 1
242 928 275 958 in
293 927 434 967 patriam
447 927 595 968 supplevi
669 927 843 969 reductos]
863 937 900 957 re
919 927 1038 958 doctos
1063 925 1234 957 Turnebus
1251 937 1257 956 :
1281 925 1336 957 del.
1350 922 1492 965 Madvig

163 982 181 1001 2
206 972 324 1002 Curtio
341 970 500 1012 Madvig:
525 972 576 1001 cui
595 970 627 1001 id
645 971 733 1002 codd.
850 971 1046 1001 adiumento
1063 971 1092 1009 k,
1112 969 1268 1009 Madvig:
1293 969 1489 1000 adiumento

163 1015 299 1046 fecisset
317 1015 451 1056 (suisset
466 1015 525 1054 pp)
545 1017 611 1046 cett.
767 1024 786 1053 3
805 1013 905 1044 fuisse
922 1013 959 1054 ψῖ
974 1025 981 1044 2
1004 1014 1122 1044 suisset
1143 1014 1186 1052 (si
1203 1013 1352 1044 stetisset
1364 1012 1404 1053 p)
1423 1015 1488 1043 ceti.

162 1069 181 1096 4
199 1068 276 1088 nam
293 1058 330 1099 εἲ,
349 1058 456 1088 Halm
474 1070 481 1088 ι
505 1059 569 1090 iam
586 1060 650 1089 cett.
797 1067 817 1097 5
841 1056 1052 1097 includitque
1069 1056 1157 1089 codd.
1175 1067 1182 1087 :
1206 1067 1284 1087 corr.
1302 1055 1491 1086 Lambinus

162 1111 183 1141 9
205 1108 306 1142 atque
323 1101 376 1143 ut]
394 1107 494 1141 atque
511 1112 566 1142 μς,
584 1101 632 1133 cd.
657 1100 690 1132 V
