<?xml version="1.0" encoding="UTF-8"?>
<!DOCTYPE html PUBLIC "-//W3C//DTD XHTML 1.0 Transitional//EN"
    "http://www.w3.org/TR/xhtml1/DTD/xhtml1-transitional.dtd">
<html xmlns="http://www.w3.org/1999/xhtml" xml:lang="en" lang="en">
 <head>
  <title>
</title>
<meta http-equiv="Content-Type" content="text/html;charset=utf-8" />
  <meta name='ocr-system' content='tesseract 3.04.00' />
  <meta name='ocr-capabilities' content='ocr_page ocr_carea ocr_par ocr_line ocrx_word'/>
</head>
<body>
  <div class='ocr_page' id='page_1' title='image "./orationesrecogno04ciceuoft/orationesrecogno04ciceuoft_0225.png"; bbox 0 0 1716 2662; ppageno 0'>
   <div class='ocr_carea' id='block_1_1' title="bbox 503 64 1540 114">
    <p class='ocr_par' dir='ltr' id='par_1_1' title="bbox 503 64 1540 114">
     <span class='ocr_line' id='line_1_1' title="bbox 503 64 1540 114; baseline -0.002 -8"><span class='ocrx_word' id='word_1_1' title='bbox 503 67 614 107; x_wconf 92' lang='lat' dir='ltr'>PRO</span> <span class='ocrx_word' id='word_1_2' title='bbox 636 68 679 105; x_wconf 91' lang='lat' dir='ltr'>L.</span> <span class='ocrx_word' id='word_1_3' title='bbox 703 64 921 107; x_wconf 89' lang='lat' dir='ltr'>FLACCO</span> <span class='ocrx_word' id='word_1_4' title='bbox 942 64 1161 106; x_wconf 87' lang='lat' dir='ltr'><strong>ORATIO</strong></span> <span class='ocrx_word' id='word_1_5' title='bbox 1480 76 1506 105; x_wconf 76' lang='lat'>2</span> <span class='ocrx_word' id='word_1_6' title='bbox 1522 81 1540 114; x_wconf 86' lang='lat'>5</span> 
     </span>
    </p>
   </div>
   <div class='ocr_carea' id='block_1_2' title="bbox 423 217 1233 256">
    <p class='ocr_par' dir='ltr' id='par_1_2' title="bbox 423 217 1233 256">
     <span class='ocr_line' id='line_1_2' title="bbox 423 217 1233 256; baseline -0.005 0"><span class='ocrx_word' id='word_1_7' title='bbox 423 219 686 256; x_wconf 74' lang='lat' dir='ltr'><strong>FRAGMENTA</strong></span> <span class='ocrx_word' id='word_1_8' title='bbox 708 227 987 255; x_wconf 75' lang='lat' dir='ltr'>SCHOLIASTAE</span> <span class='ocrx_word' id='word_1_9' title='bbox 1010 217 1233 254; x_wconf 84' lang='lat' dir='ltr'>BOBIENSIS</span> 
     </span>
    </p>
   </div>
   <div class='ocr_carea' id='block_1_3' title="bbox 113 301 1503 2175">
    <p class='ocr_par' dir='ltr' id='par_1_3' title="bbox 113 301 1503 2175">
     <span class='ocr_line' id='line_1_3' title="bbox 219 301 1501 355; baseline -0.002 -12"><span class='ocrx_word' id='word_1_10' title='bbox 219 304 268 343; x_wconf 92' lang='lat' dir='ltr'>vi.</span> <span class='ocrx_word' id='word_1_11' title='bbox 299 305 378 343; x_wconf 86' lang='lat' dir='ltr'>Sed</span> <span class='ocrx_word' id='word_1_12' title='bbox 413 306 443 344; x_wconf 93' lang='lat' dir='ltr'>si</span> <span class='ocrx_word' id='word_1_13' title='bbox 478 318 607 355; x_wconf 87' lang='lat' dir='ltr'>neque</span> <span class='ocrx_word' id='word_1_14' title='bbox 641 303 758 343; x_wconf 89' lang='lat' dir='ltr'>Asiae</span> <span class='ocrx_word' id='word_1_15' title='bbox 792 304 962 342; x_wconf 84' lang='lat' dir='ltr'>luxuries</span> <span class='ocrx_word' id='word_1_16' title='bbox 997 301 1306 341; x_wconf 86' lang='lat' dir='ltr'>infirmissimum</span> <span class='ocrx_word' id='word_1_17' title='bbox 1345 308 1501 352; x_wconf 89' lang='lat' dir='ltr'>tempus</span> 
     </span>
     <span class='ocr_line' id='line_1_4' title="bbox 166 371 394 408; baseline 0 0"><span class='ocrx_word' id='word_1_18' title='bbox 166 371 304 408; x_wconf 90' lang='lat' dir='ltr'>aetatis</span> <span class='ocrx_word' id='word_1_19' title='bbox 328 383 394 404; x_wconf 82' lang='lat'>***</span> 
     </span>
     <span class='ocr_line' id='line_1_5' title="bbox 208 432 1500 484; baseline -0.001 -12"><span class='ocrx_word' id='word_1_20' title='bbox 208 434 270 473; x_wconf 89' lang='lat' dir='ltr'>vii.</span> <span class='ocrx_word' id='word_1_21' title='bbox 303 436 362 473; x_wconf 87' lang='lat' dir='ltr'>Ex</span> <span class='ocrx_word' id='word_1_22' title='bbox 382 436 457 473; x_wconf 90' lang='lat' dir='ltr'>hoc</span> <span class='ocrx_word' id='word_1_23' title='bbox 479 434 615 474; x_wconf 86' lang='lat' dir='ltr'>aetatis</span> <span class='ocrx_word' id='word_1_24' title='bbox 636 434 756 484; x_wconf 87' lang='lat' dir='ltr'>gradu</span> <span class='ocrx_word' id='word_1_25' title='bbox 778 446 819 472; x_wconf 92' lang='lat' dir='ltr'>se</span> <span class='ocrx_word' id='word_1_26' title='bbox 839 434 889 472; x_wconf 84' lang='lat' dir='ltr'>ad</span> <span class='ocrx_word' id='word_1_27' title='bbox 911 434 1123 471; x_wconf 86' lang='lat' dir='ltr'>exercitum</span> <span class='ocrx_word' id='word_1_28' title='bbox 1149 433 1194 472; x_wconf 90' lang='lat' dir='ltr'>C.</span> <span class='ocrx_word' id='word_1_29' title='bbox 1219 432 1347 471; x_wconf 85' lang='lat' dir='ltr'>Flacci</span> <span class='ocrx_word' id='word_1_30' title='bbox 1374 432 1500 483; x_wconf 86' lang='lat' dir='ltr'>patrui</span> 
     </span>
     <span class='ocr_line' id='line_1_6' title="bbox 133 499 348 545; baseline -0.005 -7"><span class='ocrx_word' id='word_1_31' title='bbox 133 514 150 545; x_wconf 87' lang='lat'>5</span> <span class='ocrx_word' id='word_1_32' title='bbox 171 499 348 538; x_wconf 90' lang='lat' dir='ltr'>contulit.</span> 
     </span>
     <span class='ocr_line' id='line_1_7' title="bbox 193 561 1498 613; baseline 0 -11"><span class='ocrx_word' id='word_1_33' title='bbox 193 564 269 603; x_wconf 90' lang='lat' dir='ltr'>viii.</span> <span class='ocrx_word' id='word_1_34' title='bbox 301 565 500 604; x_wconf 87' lang='lat' dir='ltr'>Tribunus</span> <span class='ocrx_word' id='word_1_35' title='bbox 544 564 718 603; x_wconf 88' lang='lat' dir='ltr'>militaris</span> <span class='ocrx_word' id='word_1_36' title='bbox 763 576 854 602; x_wconf 88' lang='lat' dir='ltr'>cum</span> <span class='ocrx_word' id='word_1_37' title='bbox 894 564 936 600; x_wconf 91' lang='lat' dir='ltr'>P.</span> <span class='ocrx_word' id='word_1_38' title='bbox 979 561 1152 610; x_wconf 88' lang='lat' dir='ltr'>Servilio,</span> <span class='ocrx_word' id='word_1_39' title='bbox 1193 562 1420 613; x_wconf 81' lang='lat' dir='ltr'>gravissimo</span> <span class='ocrx_word' id='word_1_40' title='bbox 1462 571 1498 602; x_wconf 93' lang='lat' dir='ltr'>et</span> 
     </span>
     <span class='ocr_line' id='line_1_8' title="bbox 165 629 760 680; baseline -0.002 -12"><span class='ocrx_word' id='word_1_41' title='bbox 165 629 412 668; x_wconf 90' lang='lat' dir='ltr'>sanctissimo</span> <span class='ocrx_word' id='word_1_42' title='bbox 433 630 526 676; x_wconf 89' lang='lat' dir='ltr'>cive,</span> <span class='ocrx_word' id='word_1_43' title='bbox 551 631 760 680; x_wconf 89' lang='lat' dir='ltr'>profectus.</span> 
     </span>
     <span class='ocr_line' id='line_1_9' title="bbox 227 693 1495 745; baseline 0 -13"><span class='ocrx_word' id='word_1_44' title='bbox 227 695 274 732; x_wconf 87' lang='lat' dir='ltr'>ix.</span> <span class='ocrx_word' id='word_1_45' title='bbox 307 696 485 744; x_wconf 87' lang='lat' dir='ltr'>Quorum</span> <span class='ocrx_word' id='word_1_46' title='bbox 495 694 746 745; x_wconf 85' lang='lat' dir='ltr'>amplissimis</span> <span class='ocrx_word' id='word_1_47' title='bbox 756 693 910 733; x_wconf 89' lang='lat' dir='ltr'>iudiciis</span> <span class='ocrx_word' id='word_1_48' title='bbox 924 701 1083 733; x_wconf 87' lang='lat' dir='ltr'>ornatus</span> <span class='ocrx_word' id='word_1_49' title='bbox 1097 694 1413 745; x_wconf 88' lang='lat' dir='ltr'>quaestorfactus</span> <span class='ocrx_word' id='word_1_50' title='bbox 1427 702 1495 733; x_wconf 89' lang='lat' dir='ltr'>est.</span> 
     </span>
     <span class='ocr_line' id='line_1_10' title="bbox 239 758 1495 810; baseline 0 -12"><span class='ocrx_word' id='word_1_51' title='bbox 239 773 273 799; x_wconf 84' lang='lat' dir='ltr'>x.</span> <span class='ocrx_word' id='word_1_52' title='bbox 306 761 362 798; x_wconf 93' lang='lat' dir='ltr'>M.</span> <span class='ocrx_word' id='word_1_53' title='bbox 387 760 540 808; x_wconf 86' lang='lat' dir='ltr'>Pisone,</span> <span class='ocrx_word' id='word_1_54' title='bbox 564 759 631 810; x_wconf 87' lang='lat' dir='ltr'>qui</span> <span class='ocrx_word' id='word_1_55' title='bbox 655 772 879 810; x_wconf 85' lang='lat' dir='ltr'>cognomen</span> <span class='ocrx_word' id='word_1_56' title='bbox 906 759 1143 810; x_wconf 83' lang='lat' dir='ltr'>frugalitatis,</span> <span class='ocrx_word' id='word_1_57' title='bbox 1168 758 1243 798; x_wconf 91' lang='lat' dir='ltr'>nisi</span> <span class='ocrx_word' id='word_1_58' title='bbox 1269 759 1495 810; x_wconf 83' lang='lat' dir='ltr'>accepisset,</span> 
     </span>
     <span class='ocr_line' id='line_1_11' title="bbox 118 820 499 873; baseline 0.008 -15"><span class='ocrx_word' id='word_1_59' title='bbox 118 837 155 858; x_wconf 90' lang='lat'>10</span> <span class='ocrx_word' id='word_1_60' title='bbox 175 820 258 872; x_wconf 88' lang='lat' dir='ltr'>ipse</span> <span class='ocrx_word' id='word_1_61' title='bbox 278 824 499 873; x_wconf 86' lang='lat' dir='ltr'>peperisset.</span> 
     </span>
     <span class='ocr_line' id='line_1_12' title="bbox 220 887 1287 940; baseline 0.001 -15"><span class='ocrx_word' id='word_1_62' title='bbox 220 887 268 926; x_wconf 85' lang='lat' dir='ltr'>xi.</span> <span class='ocrx_word' id='word_1_63' title='bbox 305 889 416 926; x_wconf 90' lang='lat' dir='ltr'>Idem</span> <span class='ocrx_word' id='word_1_64' title='bbox 436 901 583 926; x_wconf 89' lang='lat' dir='ltr'>novum</span> <span class='ocrx_word' id='word_1_65' title='bbox 606 888 753 927; x_wconf 92' lang='lat' dir='ltr'>bellum</span> <span class='ocrx_word' id='word_1_66' title='bbox 775 890 946 940; x_wconf 87' lang='lat' dir='ltr'>suscepit</span> <span class='ocrx_word' id='word_1_67' title='bbox 967 897 1086 939; x_wconf 82' lang='lat' dir='ltr'>atque</span> <span class='ocrx_word' id='word_1_68' title='bbox 1106 887 1287 927; x_wconf 86' lang='lat' dir='ltr'>confecit.</span> 
     </span>
     <span class='ocr_line' id='line_1_13' title="bbox 207 951 1495 1001; baseline 0.002 -10"><span class='ocrx_word' id='word_1_69' title='bbox 207 951 270 991; x_wconf 73' lang='lat' dir='ltr'>xii.</span> <span class='ocrx_word' id='word_1_70' title='bbox 302 954 395 992; x_wconf 92' lang='lat' dir='ltr'>Non</span> <span class='ocrx_word' id='word_1_71' title='bbox 412 952 530 991; x_wconf 84' lang='lat' dir='ltr'>Asiae</span> <span class='ocrx_word' id='word_1_72' title='bbox 547 953 724 1001; x_wconf 87' lang='lat' dir='ltr'>testibus,</span> <span class='ocrx_word' id='word_1_73' title='bbox 743 955 812 993; x_wconf 90' lang='lat' dir='ltr'>sed</span> <span class='ocrx_word' id='word_1_74' title='bbox 833 954 1127 993; x_wconf 88' lang='lat' dir='ltr'>accusatoribus</span> <span class='ocrx_word' id='word_1_75' title='bbox 1148 953 1495 993; x_wconf 79' lang='lat' dir='ltr'>contubernalibus</span> 
     </span>
     <span class='ocr_line' id='line_1_14' title="bbox 167 1017 341 1056; baseline 0.006 -1"><span class='ocrx_word' id='word_1_76' title='bbox 167 1017 341 1056; x_wconf 90' lang='lat' dir='ltr'>traditus.</span> 
     </span>
     <span class='ocr_line' id='line_1_15' title="bbox 228 1082 1502 1135; baseline 0 -14"><span class='ocrx_word' id='word_1_77' title='bbox 228 1085 349 1122; x_wconf 89' lang='lat' dir='ltr'>Hunc</span> <span class='ocrx_word' id='word_1_78' title='bbox 371 1082 486 1133; x_wconf 89' lang='lat' dir='ltr'>igitur</span> <span class='ocrx_word' id='word_1_79' title='bbox 501 1084 636 1129; x_wconf 89' lang='lat' dir='ltr'>virum,</span> <span class='ocrx_word' id='word_1_80' title='bbox 657 1082 776 1129; x_wconf 87' lang='lat' dir='ltr'>Laeli,</span> <span class='ocrx_word' id='word_1_81' title='bbox 794 1083 938 1132; x_wconf 86' lang='lat' dir='ltr'>quibus</span> <span class='ocrx_word' id='word_1_82' title='bbox 959 1084 1120 1121; x_wconf 83' lang='lat' dir='ltr'>tandem</span> <span class='ocrx_word' id='word_1_83' title='bbox 1138 1085 1253 1122; x_wconf 86' lang='lat' dir='ltr'>rebus</span> <span class='ocrx_word' id='word_1_84' title='bbox 1275 1084 1502 1135; x_wconf 85' lang='lat' dir='ltr'>oppugnas?</span> 
     </span>
     <span class='ocr_line' id='line_1_16' title="bbox 115 1146 1503 1197; baseline 0.002 -13"><span class='ocrx_word' id='word_1_85' title='bbox 115 1160 151 1192; x_wconf 84' lang='lat'>15</span> <span class='ocrx_word' id='word_1_86' title='bbox 175 1146 263 1186; x_wconf 89' lang='lat' dir='ltr'>Fuit</span> <span class='ocrx_word' id='word_1_87' title='bbox 291 1149 331 1185; x_wconf 89' lang='lat' dir='ltr'>P.</span> <span class='ocrx_word' id='word_1_88' title='bbox 355 1146 519 1186; x_wconf 82' lang='lat' dir='ltr'>Servilio</span> <span class='ocrx_word' id='word_1_89' title='bbox 540 1146 773 1197; x_wconf 78' lang='lat' dir='ltr'>imperatore</span> <span class='ocrx_word' id='word_1_90' title='bbox 800 1146 839 1184; x_wconf 91' lang='lat' dir='ltr'>in</span> <span class='ocrx_word' id='word_1_91' title='bbox 869 1146 1007 1186; x_wconf 87' lang='lat' dir='ltr'>Cilicia</span> <span class='ocrx_word' id='word_1_92' title='bbox 1028 1147 1206 1186; x_wconf 85' lang='lat' dir='ltr'>tribunus</span> <span class='ocrx_word' id='word_1_93' title='bbox 1232 1148 1427 1196; x_wconf 72' lang='lat' dir='ltr'>militum,</span> <span class='ocrx_word' id='word_1_94' title='bbox 1457 1161 1503 1187; x_wconf 83' lang='lat' dir='ltr'>ea</span> 
     </span>
     <span class='ocr_line' id='line_1_17' title="bbox 173 1211 1502 1263; baseline 0.002 -13"><span class='ocrx_word' id='word_1_95' title='bbox 173 1226 231 1251; x_wconf 90' lang='lat' dir='ltr'>res</span> <span class='ocrx_word' id='word_1_96' title='bbox 261 1211 406 1251; x_wconf 90' lang='lat' dir='ltr'>siletur.</span> <span class='ocrx_word' id='word_1_97' title='bbox 465 1211 555 1250; x_wconf 89' lang='lat' dir='ltr'>Fuit</span> <span class='ocrx_word' id='word_1_98' title='bbox 585 1213 642 1250; x_wconf 90' lang='lat' dir='ltr'>M.</span> <span class='ocrx_word' id='word_1_99' title='bbox 667 1211 800 1250; x_wconf 89' lang='lat' dir='ltr'>Pisoni</span> <span class='ocrx_word' id='word_1_100' title='bbox 821 1220 1006 1262; x_wconf 78' lang='lat' dir='ltr'>quaestor</span> <span class='ocrx_word' id='word_1_101' title='bbox 1031 1212 1069 1250; x_wconf 92' lang='lat' dir='ltr'>in</span> <span class='ocrx_word' id='word_1_102' title='bbox 1098 1212 1320 1263; x_wconf 79' lang='lat' dir='ltr'>Hispania3</span> <span class='ocrx_word' id='word_1_103' title='bbox 1354 1226 1428 1252; x_wconf 83' lang='lat' dir='ltr'>vox</span> <span class='ocrx_word' id='word_1_104' title='bbox 1451 1213 1502 1252; x_wconf 90' lang='lat' dir='ltr'>de</span> 
     </span>
     <span class='ocr_line' id='line_1_18' title="bbox 172 1276 1502 1330; baseline 0.002 -15"><span class='ocrx_word' id='word_1_105' title='bbox 172 1285 381 1328; x_wconf 83' lang='lat' dir='ltr'>quaestura</span> <span class='ocrx_word' id='word_1_106' title='bbox 419 1276 538 1315; x_wconf 84' lang='lat' dir='ltr'>missa</span> <span class='ocrx_word' id='word_1_107' title='bbox 576 1278 683 1315; x_wconf 90' lang='lat' dir='ltr'>nulla</span> <span class='ocrx_word' id='word_1_108' title='bbox 722 1284 790 1316; x_wconf 86' lang='lat' dir='ltr'>est.</span> <span class='ocrx_word' id='word_1_109' title='bbox 852 1278 1006 1316; x_wconf 90' lang='lat' dir='ltr'>Bellum</span> <span class='ocrx_word' id='word_1_110' title='bbox 1049 1279 1238 1318; x_wconf 92' lang='lat' dir='ltr'>Cretense</span> <span class='ocrx_word' id='word_1_111' title='bbox 1276 1293 1323 1318; x_wconf 85' lang='lat' dir='ltr'>ex</span> <span class='ocrx_word' id='word_1_112' title='bbox 1361 1293 1502 1330; x_wconf 85' lang='lat' dir='ltr'>magna</span> 
     </span>
     <span class='ocr_line' id='line_1_19' title="bbox 172 1343 1502 1395; baseline 0.002 -14"><span class='ocrx_word' id='word_1_113' title='bbox 172 1352 280 1394; x_wconf 85' lang='lat' dir='ltr'>parte</span> <span class='ocrx_word' id='word_1_114' title='bbox 308 1343 426 1394; x_wconf 85' lang='lat' dir='ltr'>gessit</span> <span class='ocrx_word' id='word_1_115' title='bbox 455 1351 574 1393; x_wconf 87' lang='lat' dir='ltr'>atque</span> <span class='ocrx_word' id='word_1_116' title='bbox 606 1357 685 1382; x_wconf 87' lang='lat' dir='ltr'>una</span> <span class='ocrx_word' id='word_1_117' title='bbox 718 1358 809 1383; x_wconf 91' lang='lat' dir='ltr'>cum</span> <span class='ocrx_word' id='word_1_118' title='bbox 842 1357 999 1382; x_wconf 91' lang='lat' dir='ltr'>summo</span> <span class='ocrx_word' id='word_1_119' title='bbox 1030 1343 1263 1395; x_wconf 86' lang='lat' dir='ltr'>imperatore</span> <span class='ocrx_word' id='word_1_120' title='bbox 1293 1345 1502 1394; x_wconf 87' lang='lat' dir='ltr'>sustinuit;</span> 
     </span>
     <span class='ocr_line' id='line_1_20' title="bbox 173 1408 1501 1459; baseline 0.002 -13"><span class='ocrx_word' id='word_1_121' title='bbox 173 1416 282 1447; x_wconf 89' lang='lat' dir='ltr'>muta</span> <span class='ocrx_word' id='word_1_122' title='bbox 299 1416 358 1447; x_wconf 83' lang='lat' dir='ltr'>est</span> <span class='ocrx_word' id='word_1_123' title='bbox 388 1408 504 1447; x_wconf 85' lang='lat' dir='ltr'>huius</span> <span class='ocrx_word' id='word_1_124' title='bbox 529 1409 719 1459; x_wconf 85' lang='lat' dir='ltr'>temporis</span> <span class='ocrx_word' id='word_1_125' title='bbox 745 1409 956 1447; x_wconf 80' lang='lat' dir='ltr'>accusatio.</span> <span class='ocrx_word' id='word_1_126' title='bbox 1016 1411 1224 1449; x_wconf 87' lang='lat' dir='ltr'>Praeturae</span> <span class='ocrx_word' id='word_1_127' title='bbox 1251 1410 1342 1449; x_wconf 89' lang='lat' dir='ltr'>iuris</span> <span class='ocrx_word' id='word_1_128' title='bbox 1367 1410 1501 1459; x_wconf 87' lang='lat' dir='ltr'>dictiO,</span> 
     </span>
     <span class='ocr_line' id='line_1_21' title="bbox 113 1473 1500 1524; baseline -0.001 -10"><span class='ocrx_word' id='word_1_129' title='bbox 113 1491 153 1514; x_wconf 91' lang='lat'>20</span> <span class='ocrx_word' id='word_1_130' title='bbox 174 1487 233 1512; x_wconf 87' lang='lat' dir='ltr'>res</span> <span class='ocrx_word' id='word_1_131' title='bbox 266 1473 371 1512; x_wconf 82' lang='lat' dir='ltr'>varia</span> <span class='ocrx_word' id='word_1_132' title='bbox 404 1481 442 1513; x_wconf 91' lang='lat' dir='ltr'>et</span> <span class='ocrx_word' id='word_1_133' title='bbox 477 1473 679 1524; x_wconf 80' lang='lat' dir='ltr'>multiplex</span> <span class='ocrx_word' id='word_1_134' title='bbox 717 1475 768 1512; x_wconf 86' lang='lat' dir='ltr'>ad</span> <span class='ocrx_word' id='word_1_135' title='bbox 803 1473 1047 1524; x_wconf 86' lang='lat' dir='ltr'>suspiciones</span> <span class='ocrx_word' id='word_1_136' title='bbox 1081 1483 1119 1513; x_wconf 89' lang='lat' dir='ltr'>et</span> <span class='ocrx_word' id='word_1_137' title='bbox 1159 1475 1386 1523; x_wconf 83' lang='lat' dir='ltr'>simultates,</span> <span class='ocrx_word' id='word_1_138' title='bbox 1420 1488 1500 1514; x_wconf 90' lang='lat' dir='ltr'>non</span> 
     </span>
     <span class='ocr_line' id='line_1_22' title="bbox 171 1538 1500 1590; baseline 0.002 -13"><span class='ocrx_word' id='word_1_139' title='bbox 171 1538 383 1589; x_wconf 86' lang='lat' dir='ltr'>attingitur.</span> <span class='ocrx_word' id='word_1_140' title='bbox 459 1542 512 1579; x_wconf 88' lang='lat' dir='ltr'>At</span> <span class='ocrx_word' id='word_1_141' title='bbox 555 1554 646 1578; x_wconf 74' lang='lat' dir='ltr'>vero</span> <span class='ocrx_word' id='word_1_142' title='bbox 694 1538 733 1577; x_wconf 94' lang='lat' dir='ltr'>in</span> <span class='ocrx_word' id='word_1_143' title='bbox 781 1553 938 1578; x_wconf 86' lang='lat' dir='ltr'>summo</span> <span class='ocrx_word' id='word_1_144' title='bbox 986 1547 1023 1578; x_wconf 91' lang='lat' dir='ltr'>et</span> <span class='ocrx_word' id='word_1_145' title='bbox 1071 1539 1401 1590; x_wconf 89' lang='lat' dir='ltr'>periculosissimo</span> <span class='ocrx_word' id='word_1_146' title='bbox 1448 1539 1500 1579; x_wconf 86' lang='lat' dir='ltr'>rei</span> 
     </span>
     <span class='ocr_line' id='line_1_23' title="bbox 172 1604 1501 1657; baseline 0.001 -14"><span class='ocrx_word' id='word_1_147' title='bbox 172 1605 353 1656; x_wconf 90' lang='lat' dir='ltr'>publicae</span> <span class='ocrx_word' id='word_1_148' title='bbox 387 1612 565 1657; x_wconf 88' lang='lat' dir='ltr'>tempore</span> <span class='ocrx_word' id='word_1_149' title='bbox 595 1606 713 1644; x_wconf 83' lang='lat' dir='ltr'>etiam</span> <span class='ocrx_word' id='word_1_150' title='bbox 752 1606 803 1644; x_wconf 89' lang='lat' dir='ltr'>ab</span> <span class='ocrx_word' id='word_1_151' title='bbox 836 1604 1003 1643; x_wconf 86' lang='lat' dir='ltr'>inimicis</span> <span class='ocrx_word' id='word_1_152' title='bbox 1038 1606 1177 1644; x_wconf 85' lang='lat' dir='ltr'>eadem</span> <span class='ocrx_word' id='word_1_153' title='bbox 1212 1613 1392 1656; x_wconf 83' lang='lat' dir='ltr'>praetura</span> <span class='ocrx_word' id='word_1_154' title='bbox 1425 1607 1501 1644; x_wconf 82' lang='lat' dir='ltr'>lau-</span> 
     </span>
     <span class='ocr_line' id='line_1_24' title="bbox 171 1670 1498 1721; baseline 0 -12"><span class='ocrx_word' id='word_1_155' title='bbox 171 1671 296 1709; x_wconf 85' lang='lat' dir='ltr'>datur.</span> <span class='ocrx_word' id='word_1_156' title='bbox 355 1673 407 1710; x_wconf 87' lang='lat' dir='ltr'>At</span> <span class='ocrx_word' id='word_1_157' title='bbox 433 1686 456 1710; x_wconf 89' lang='lat' dir='ltr'>a</span> <span class='ocrx_word' id='word_1_158' title='bbox 476 1672 640 1710; x_wconf 86' lang='lat' dir='ltr'>testibus</span> <span class='ocrx_word' id='word_1_159' title='bbox 668 1670 844 1709; x_wconf 84' lang='lat' dir='ltr'>laeditur.</span> <span class='ocrx_word' id='word_1_160' title='bbox 906 1673 1011 1708; x_wconf 77' lang='lat' dir='ltr'>Ante</span> <span class='ocrx_word' id='word_1_161' title='bbox 1032 1684 1150 1721; x_wconf 84' lang='lat' dir='ltr'>quam</span> <span class='ocrx_word' id='word_1_162' title='bbox 1178 1670 1269 1709; x_wconf 91' lang='lat' dir='ltr'>dico</span> <span class='ocrx_word' id='word_1_163' title='bbox 1295 1684 1318 1709; x_wconf 84' lang='lat' dir='ltr'>a</span> <span class='ocrx_word' id='word_1_164' title='bbox 1343 1670 1498 1721; x_wconf 88' lang='lat' dir='ltr'>quibus,</span> 
     </span>
     <span class='ocr_line' id='line_1_25' title="bbox 173 1736 1497 1788; baseline 0 -14"><span class='ocrx_word' id='word_1_165' title='bbox 173 1750 251 1786; x_wconf 87' lang='lat' dir='ltr'>qua</span> <span class='ocrx_word' id='word_1_166' title='bbox 270 1750 350 1787; x_wconf 89' lang='lat' dir='ltr'>spe,</span> <span class='ocrx_word' id='word_1_167' title='bbox 373 1751 451 1787; x_wconf 88' lang='lat' dir='ltr'>qua</span> <span class='ocrx_word' id='word_1_168' title='bbox 470 1737 520 1784; x_wconf 81' lang='lat' dir='ltr'>vi,</span> <span class='ocrx_word' id='word_1_169' title='bbox 537 1751 614 1788; x_wconf 82' lang='lat' dir='ltr'>qua</span> <span class='ocrx_word' id='word_1_170' title='bbox 635 1751 674 1776; x_wconf 92' lang='lat' dir='ltr'>re</span> <span class='ocrx_word' id='word_1_171' title='bbox 695 1737 913 1784; x_wconf 82' lang='lat' dir='ltr'>concitatis,</span> <span class='ocrx_word' id='word_1_172' title='bbox 931 1750 1007 1786; x_wconf 86' lang='lat' dir='ltr'>qua</span> <span class='ocrx_word' id='word_1_173' title='bbox 1030 1736 1195 1783; x_wconf 84' lang='lat' dir='ltr'>levitate,</span> <span class='ocrx_word' id='word_1_174' title='bbox 1219 1750 1297 1786; x_wconf 87' lang='lat' dir='ltr'>qua</span> <span class='ocrx_word' id='word_1_175' title='bbox 1317 1743 1497 1786; x_wconf 85' lang='lat' dir='ltr'>egestate,</span> 
     </span>
     <span class='ocr_line' id='line_1_26' title="bbox 114 1800 1500 1853; baseline -0.001 -12"><span class='ocrx_word' id='word_1_176' title='bbox 114 1818 153 1850; x_wconf 84' lang='lat'>²5</span> <span class='ocrx_word' id='word_1_177' title='bbox 173 1815 251 1851; x_wconf 84' lang='lat' dir='ltr'>qua</span> <span class='ocrx_word' id='word_1_178' title='bbox 280 1802 451 1851; x_wconf 84' lang='lat' dir='ltr'>perfidia,</span> <span class='ocrx_word' id='word_1_179' title='bbox 482 1816 559 1853; x_wconf 78' lang='lat' dir='ltr'>qua</span> <span class='ocrx_word' id='word_1_180' title='bbox 587 1802 753 1841; x_wconf 82' lang='lat' dir='ltr'>audacia</span> <span class='ocrx_word' id='word_1_181' title='bbox 783 1802 978 1853; x_wconf 89' lang='lat' dir='ltr'>praeditis,</span> <span class='ocrx_word' id='word_1_182' title='bbox 1011 1802 1140 1841; x_wconf 91' lang='lat' dir='ltr'>dicam</span> <span class='ocrx_word' id='word_1_183' title='bbox 1171 1803 1221 1840; x_wconf 89' lang='lat' dir='ltr'>de</span> <span class='ocrx_word' id='word_1_184' title='bbox 1249 1815 1390 1851; x_wconf 85' lang='lat' dir='ltr'>genere</span> <span class='ocrx_word' id='word_1_185' title='bbox 1419 1800 1500 1839; x_wconf 93' lang='lat' dir='ltr'>uni-</span> 
     </span>
     <span class='ocr_line' id='line_1_27' title="bbox 173 1865 1500 1907; baseline 0 -3"><span class='ocrx_word' id='word_1_186' title='bbox 173 1880 284 1905; x_wconf 88' lang='lat' dir='ltr'>verso</span> <span class='ocrx_word' id='word_1_187' title='bbox 319 1875 356 1906; x_wconf 89' lang='lat' dir='ltr'>et</span> <span class='ocrx_word' id='word_1_188' title='bbox 385 1869 435 1906; x_wconf 81' lang='lat' dir='ltr'>de</span> <span class='ocrx_word' id='word_1_189' title='bbox 465 1868 700 1907; x_wconf 90' lang='lat' dir='ltr'>condicione</span> <span class='ocrx_word' id='word_1_190' title='bbox 730 1868 909 1906; x_wconf 91' lang='lat' dir='ltr'>omnium</span> <span class='ocrx_word' id='word_1_191' title='bbox 948 1874 1136 1906; x_wconf 87' lang='lat' dir='ltr'>nostrum.</span> <span class='ocrx_word' id='word_1_192' title='bbox 1196 1868 1269 1905; x_wconf 90' lang='lat' dir='ltr'>Per</span> <span class='ocrx_word' id='word_1_193' title='bbox 1303 1867 1398 1905; x_wconf 88' lang='lat' dir='ltr'>deos</span> <span class='ocrx_word' id='word_1_194' title='bbox 1434 1865 1500 1904; x_wconf 89' lang='lat' dir='ltr'>im-</span> 
     </span>
     <span class='ocr_line' id='line_1_28' title="bbox 174 1932 1500 1983; baseline 0 -13"><span class='ocrx_word' id='word_1_195' title='bbox 174 1932 369 1970; x_wconf 76' lang='lat' dir='ltr'>mortalis!</span> <span class='ocrx_word' id='word_1_196' title='bbox 406 1932 564 1979; x_wconf 89' lang='lat' dir='ltr'>iudices,</span> <span class='ocrx_word' id='word_1_197' title='bbox 589 1946 668 1979; x_wconf 88' lang='lat' dir='ltr'>vos,</span> <span class='ocrx_word' id='word_1_198' title='bbox 692 1947 773 1983; x_wconf 83' lang='lat' dir='ltr'>quo</span> <span class='ocrx_word' id='word_1_199' title='bbox 799 1934 920 1971; x_wconf 88' lang='lat' dir='ltr'>modo</span> <span class='ocrx_word' id='word_1_200' title='bbox 943 1932 973 1970; x_wconf 91' lang='lat' dir='ltr'>is</span> <span class='ocrx_word' id='word_1_201' title='bbox 1000 1932 1068 1982; x_wconf 86' lang='lat' dir='ltr'>qui</span> <span class='ocrx_word' id='word_1_202' title='bbox 1094 1945 1201 1971; x_wconf 90' lang='lat' dir='ltr'>anno</span> <span class='ocrx_word' id='word_1_203' title='bbox 1228 1939 1319 1970; x_wconf 89' lang='lat' dir='ltr'>ante</span> <span class='ocrx_word' id='word_1_204' title='bbox 1347 1933 1500 1970; x_wconf 90' lang='lat' dir='ltr'>Romae</span> 
     </span>
     <span class='ocr_line' id='line_1_29' title="bbox 171 1995 1500 2048; baseline 0.001 -14"><span class='ocrx_word' id='word_1_205' title='bbox 171 1996 230 2035; x_wconf 89' lang='lat' dir='ltr'>ius</span> <span class='ocrx_word' id='word_1_206' title='bbox 251 1997 398 2036; x_wconf 79' lang='lat' dir='ltr'>dixerat</span> <span class='ocrx_word' id='word_1_207' title='bbox 418 2011 523 2036; x_wconf 90' lang='lat' dir='ltr'>anno</span> <span class='ocrx_word' id='word_1_208' title='bbox 544 2006 632 2048; x_wconf 84' lang='lat' dir='ltr'>post</span> <span class='ocrx_word' id='word_1_209' title='bbox 653 1997 691 2036; x_wconf 92' lang='lat' dir='ltr'>in</span> <span class='ocrx_word' id='word_1_210' title='bbox 713 1998 807 2036; x_wconf 84' lang='lat' dir='ltr'>Asia</span> <span class='ocrx_word' id='word_1_211' title='bbox 828 1997 886 2035; x_wconf 85' lang='lat' dir='ltr'>ius</span> <span class='ocrx_word' id='word_1_212' title='bbox 907 1997 1055 2045; x_wconf 75' lang='lat' dir='ltr'>dixerit,</span> <span class='ocrx_word' id='word_1_213' title='bbox 1079 2011 1102 2036; x_wconf 89' lang='lat' dir='ltr'>a</span> <span class='ocrx_word' id='word_1_214' title='bbox 1122 1996 1286 2035; x_wconf 87' lang='lat' dir='ltr'>testibus</span> <span class='ocrx_word' id='word_1_215' title='bbox 1307 1995 1500 2046; x_wconf 85' lang='lat' dir='ltr'>quaeretis</span> 
     </span>
     <span class='ocr_line' id='line_1_30' title="bbox 172 2060 1500 2112; baseline -0.001 -13"><span class='ocrx_word' id='word_1_216' title='bbox 172 2060 325 2111; x_wconf 85' lang='lat' dir='ltr'>ignotis,</span> <span class='ocrx_word' id='word_1_217' title='bbox 349 2061 420 2112; x_wconf 89' lang='lat' dir='ltr'>ipsi</span> <span class='ocrx_word' id='word_1_218' title='bbox 442 2063 667 2101; x_wconf 83' lang='lat' dir='ltr'>coniectura</span> <span class='ocrx_word' id='word_1_219' title='bbox 688 2062 783 2100; x_wconf 86' lang='lat' dir='ltr'>nihil</span> <span class='ocrx_word' id='word_1_220' title='bbox 812 2061 1065 2100; x_wconf 87' lang='lat' dir='ltr'>iudicabitis?</span> <span class='ocrx_word' id='word_1_221' title='bbox 1108 2064 1205 2100; x_wconf 80' lang='lat' dir='ltr'>Cum</span> <span class='ocrx_word' id='word_1_222' title='bbox 1232 2060 1270 2099; x_wconf 90' lang='lat' dir='ltr'>in</span> <span class='ocrx_word' id='word_1_223' title='bbox 1296 2067 1375 2098; x_wconf 88' lang='lat' dir='ltr'>tam</span> <span class='ocrx_word' id='word_1_224' title='bbox 1397 2060 1500 2098; x_wconf 84' lang='lat' dir='ltr'>varia</span> 
     </span>
     <span class='ocr_line' id='line_1_31' title="bbox 114 2125 1496 2175; baseline 0 -12"><span class='ocrx_word' id='word_1_225' title='bbox 114 2141 154 2172; x_wconf 81' lang='lat'>30</span> <span class='ocrx_word' id='word_1_226' title='bbox 172 2125 263 2164; x_wconf 88' lang='lat' dir='ltr'>iuris</span> <span class='ocrx_word' id='word_1_227' title='bbox 290 2125 464 2165; x_wconf 90' lang='lat' dir='ltr'>dictione</span> <span class='ocrx_word' id='word_1_228' title='bbox 484 2134 563 2165; x_wconf 87' lang='lat' dir='ltr'>tam</span> <span class='ocrx_word' id='word_1_229' title='bbox 589 2128 712 2165; x_wconf 82' lang='lat' dir='ltr'>multa</span> <span class='ocrx_word' id='word_1_230' title='bbox 738 2128 904 2173; x_wconf 87' lang='lat' dir='ltr'>decreta,</span> <span class='ocrx_word' id='word_1_231' title='bbox 928 2134 985 2164; x_wconf 90' lang='lat' dir='ltr'>tot</span> <span class='ocrx_word' id='word_1_232' title='bbox 1014 2125 1219 2165; x_wconf 82' lang='lat' dir='ltr'>hominum</span> <span class='ocrx_word' id='word_1_233' title='bbox 1241 2125 1496 2175; x_wconf 84' lang='lat' dir='ltr'>gratiosorum</span> 
     </span>
    </p>
   </div>
   <div class='ocr_carea' id='block_1_4' title="bbox 1520 1070 1545 1150">
    <p class='ocr_par' dir='ltr' id='par_1_4' title="bbox 1520 1070 1545 1150">
     <span class='ocr_line' id='line_1_32' title="bbox 1520 1070 1545 1106; baseline 0 0"><span class='ocrx_word' id='word_1_234' title='bbox 1520 1070 1545 1106; x_wconf 87' lang='lat'>3</span> 
     </span>
     <span class='ocr_line' id='line_1_33' title="bbox 1520 1119 1539 1150; baseline 0 0"><span class='ocrx_word' id='word_1_235' title='bbox 1520 1119 1539 1150; x_wconf 86' lang='lat'><strong>6</strong></span> 
     </span>
    </p>
   </div>
   <div class='ocr_carea' id='block_1_5' title="bbox 171 2227 1500 2356">
    <p class='ocr_par' dir='ltr' id='par_1_5' title="bbox 171 2227 1500 2356">
     <span class='ocr_line' id='line_1_34' title="bbox 219 2227 1499 2271; baseline 0 -12"><span class='ocrx_word' id='word_1_236' title='bbox 219 2239 254 2267; x_wconf 89' lang='lat'>17</span> <span class='ocrx_word' id='word_1_237' title='bbox 280 2229 382 2260; x_wconf 84' lang='lat' dir='ltr'>missa</span> <span class='ocrx_word' id='word_1_238' title='bbox 407 2240 472 2260; x_wconf 83' lang='lat' dir='ltr'>om.</span> <span class='ocrx_word' id='word_1_239' title='bbox 491 2241 506 2260; x_wconf 89' lang='lat' dir='ltr'><em>c</em></span> <span class='ocrx_word' id='word_1_240' title='bbox 662 2241 699 2261; x_wconf 82' lang='lat'>21</span> <span class='ocrx_word' id='word_1_241' title='bbox 726 2229 776 2271; x_wconf 79' lang='lat' dir='ltr'>at]</span> <span class='ocrx_word' id='word_1_242' title='bbox 803 2241 842 2260; x_wconf 82' lang='lat' dir='ltr'>ca</span> <span class='ocrx_word' id='word_1_243' title='bbox 869 2228 941 2268; x_wconf 58' lang='grc' dir='ltr'>Βχῖ</span> <span class='ocrx_word' id='word_1_244' title='bbox 1097 2240 1137 2260; x_wconf 81' lang='lat'>22</span> <span class='ocrx_word' id='word_1_245' title='bbox 1162 2229 1403 2260; x_wconf 84' lang='lat' dir='ltr'>inimicissimis</span> <span class='ocrx_word' id='word_1_246' title='bbox 1427 2227 1499 2267; x_wconf 65' lang='grc' dir='ltr'>Βχῖ</span> 
     </span>
     <span class='ocr_line' id='line_1_35' title="bbox 171 2273 1500 2314; baseline -0.001 -12"><span class='ocrx_word' id='word_1_247' title='bbox 171 2274 288 2303; x_wconf 85' lang='lat' dir='ltr'>cadem</span> <span class='ocrx_word' id='word_1_248' title='bbox 314 2278 473 2312; x_wconf 86' lang='lat' dir='ltr'>praetura</span> <span class='ocrx_word' id='word_1_249' title='bbox 498 2284 561 2304; x_wconf 84' lang='lat' dir='ltr'>om.</span> <span class='ocrx_word' id='word_1_250' title='bbox 589 2273 645 2313; x_wconf 61' lang='lat' dir='ltr'>By&lt;</span> <span class='ocrx_word' id='word_1_251' title='bbox 804 2284 843 2312; x_wconf 80' lang='lat'>24</span> <span class='ocrx_word' id='word_1_252' title='bbox 869 2283 933 2311; x_wconf 85' lang='lat' dir='ltr'>qua</span> <span class='ocrx_word' id='word_1_253' title='bbox 958 2273 988 2303; x_wconf 90' lang='lat' dir='ltr'>vi</span> <span class='ocrx_word' id='word_1_254' title='bbox 1006 2284 1071 2304; x_wconf 85' lang='lat' dir='ltr'>om.</span> <span class='ocrx_word' id='word_1_255' title='bbox 1099 2273 1128 2314; x_wconf 80' lang='lat' dir='ltr'>b,</span> <span class='ocrx_word' id='word_1_256' title='bbox 1153 2273 1302 2303; x_wconf 81' lang='lat' dir='ltr'>Faernus</span> <span class='ocrx_word' id='word_1_257' title='bbox 1457 2282 1500 2312; x_wconf 84' lang='lat'>29</span> 
     </span>
     <span class='ocr_line' id='line_1_36' title="bbox 172 2316 409 2356; baseline 0.004 -10"><span class='ocrx_word' id='word_1_258' title='bbox 172 2326 245 2346; x_wconf 87' lang='lat' dir='ltr'>cum</span> <span class='ocrx_word' id='word_1_259' title='bbox 261 2316 409 2356; x_wconf 76' lang='lat' dir='ltr'>supplevi</span> 
     </span>
    </p>
   </div>
  </div>
 </body>
</html>
