1716 2662
432 79 543 117 PRO
574 79 618 117 L.
650 78 868 117 FLACCO
898 78 1116 117 ORATIO
1382 88 1433 115 22
1454 94 1492 125 52

107 188 243 240 primis
271 187 363 226 colit
393 194 512 238 atque
540 186 675 237 diligit.
737 188 850 235 Quae
872 185 902 224 si
923 185 1058 224 civitas
1083 199 1151 235 per
1178 186 1279 224 viros
1306 185 1433 223 bonos

107 253 311 305 gravisque
341 252 522 291 homines
551 253 728 302 querelas
757 252 809 290 ad
838 264 906 288 vos
939 251 1155 298 detulisset,
1186 252 1302 300 paulo
1331 263 1435 288 com-

108 331 287 356 moverer
332 317 464 367 magis.
543 318 661 355 Nunc
700 330 791 355 vero
830 315 926 366 quid
975 316 1140 366 putem?
1215 315 1435 353 Trallianos

110 382 344 422 Maeandrio
361 395 519 420 causam
534 381 733 432 publicam
751 381 1008 427 commisisse,
1032 380 1182 418 homini
1205 380 1343 430 egenti,
1361 394 1437 418 sor-

71 448 215 495 5dido,
252 447 335 486 sine
373 448 534 494 honore,
569 447 652 486 sine
686 446 999 493 existumatione,
1033 446 1116 484 sine
1151 447 1302 484 censu?
1358 445 1437 483 Vbi

109 520 218 552 erant
251 513 304 551 illi
340 513 566 563 Pythodori,
602 511 813 559 Aetidemi,
837 512 1066 562 Lepisones,
1103 510 1221 549 ceteri
1255 510 1437 549 homines

108 580 216 631 apud
250 592 322 618 nos
357 579 450 626 noti,
490 579 590 617 inter
624 592 715 617 suos
750 578 915 625 nobiles,
951 577 1020 616 ubi
1052 576 1118 616 illa
1152 576 1360 627 magnifica
1399 583 1437 614 et

108 644 275 695 gloriosa
296 644 507 682 ostentatio
527 643 722 682 civitatis?
777 645 923 682 Nonne
944 650 1045 681 esset
1066 642 1260 693 puditum,
1283 641 1314 680 si
1334 642 1437 679 hanc

109 722 269 747 causam
298 716 456 759 agerent
477 721 618 755 severe,
643 721 724 746 non
752 709 873 746 modo
900 709 1071 757 legatum
1098 708 1167 745 sed
1195 706 1436 745 Trallianum

54 796 92 817 10
111 774 275 812 omnino
304 774 382 812 dici
414 773 723 812 Maeandrium?
781 774 889 812 Huic
919 773 973 811 illi
1003 775 1142 823 legato,
1165 772 1257 810 huic
1279 772 1438 822 publico

111 839 198 878 testi
228 847 437 889 patronum
468 853 582 877 suum
618 839 694 877 iam
729 838 822 877 inde
854 852 878 877 a
912 845 1021 888 patre
1054 845 1173 888 atque
1212 836 1436 884 maioribus,

112 906 154 943 L.
180 905 375 951 Flaccum,
408 904 662 942 mactandum
696 903 861 941 civitatis
896 902 1123 941 testimonio
1156 901 1440 941 tradidissent?

111 971 205 1008 Non
226 978 284 1008 est
305 970 367 1017 ita,
384 970 544 1016 iudices,
569 982 648 1007 non
670 976 728 1007 est
749 970 936 1018 profecto.
994 967 1088 1006 Vidi
1109 981 1182 1017 ego
1203 967 1241 1005 in
1263 968 1437 1017 quodam

111 1034 257 1073 iudicio
284 1048 408 1085 nuper
439 1034 696 1072 Philodorum
726 1041 865 1072 testem
894 1033 1147 1080 Trallianum,
1171 1032 1250 1071 vidi
1281 1033 1438 1070 Parrha-

54 1118 91 1151 15
111 1101 224 1148 sium,
242 1100 322 1139 vidi
341 1101 637 1146 Archidemum,
657 1113 746 1138 cum
772 1099 933 1149 quidem
950 1098 1055 1137 idem
1077 1098 1140 1137 hic
1160 1098 1256 1136 mihi
1279 1099 1438 1136 Maean-

110 1166 218 1205 drius
247 1164 359 1216 quasi
381 1164 618 1203 ministrator
638 1165 772 1203 aderat
802 1163 1000 1203 subiciens
1030 1163 1127 1214 quid
1154 1163 1193 1201 in
1225 1176 1315 1201 suos
1344 1162 1438 1200 civis

110 1232 398 1281 civitatemque,
422 1230 453 1268 si
480 1231 632 1277 vellem,
664 1229 847 1268 dicerem.
907 1229 1015 1268 Nihil
1045 1228 1151 1267 enim
1181 1229 1247 1266 illo
1277 1228 1438 1266 homine

109 1297 245 1344 levius,
276 1296 373 1334 nihil
403 1294 591 1345 egentius,
624 1293 721 1332 nihil
751 1294 1002 1344 inquinatius.
1064 1295 1155 1343 Qua
1184 1307 1234 1340 re,
1271 1293 1303 1331 si
1331 1294 1437 1330 hunc

110 1364 257 1401 habent
291 1369 492 1400 auctorem
527 1359 713 1398 Tralliani
742 1360 889 1398 doloris
924 1359 994 1405 sui,
1029 1359 1060 1397 si
1093 1360 1200 1397 hunc
1231 1360 1437 1397 custodem

54 1444 92 1466 20
111 1428 336 1474 litterarum,
360 1426 391 1464 si
421 1427 527 1464 hunc
557 1433 696 1464 testem
718 1424 891 1471 iniuriae,
916 1424 946 1462 si
967 1425 1073 1462 hunc
1102 1431 1274 1461 actorem
1305 1436 1438 1473 quere-

111 1495 245 1540 larum,
279 1494 476 1532 remittant
502 1491 667 1542 spiritus,
692 1490 954 1541 comprimant
981 1489 1134 1528 animos
1164 1502 1266 1536 suOS,
1299 1490 1438 1527 sedent

110 1558 391 1609 adrogantiam,
415 1559 607 1595 fateantur
628 1556 668 1594 in
690 1555 896 1595 Maeandri
919 1568 1085 1606 persona
1111 1568 1195 1593 esse
1217 1567 1437 1604 expressam

111 1624 283 1674 speciem
305 1622 480 1662 civitatis.
540 1622 607 1660 Sin
629 1621 745 1659 istum
767 1634 921 1671 semper
941 1620 993 1658 illi
1015 1619 1088 1669 ipsi
1115 1620 1223 1658 domi
1243 1626 1439 1669 proteren-

111 1690 207 1729 dum
237 1696 276 1728 et
305 1688 621 1726 conculcandum
643 1692 887 1737 putaverunt,
911 1684 1093 1723 desinant
1114 1691 1249 1734 putare
1275 1682 1440 1722 auctori-

53 1772 92 1804 ²5
113 1762 233 1794 tatem
255 1767 340 1792 esse
360 1753 400 1791 in
421 1766 468 1791 eo
489 1751 716 1790 testimonio
737 1751 847 1797 cuius
869 1758 1005 1789 auctor
1026 1749 1207 1788 inventus
1228 1755 1286 1786 est
1306 1761 1437 1786 nemo.

1459 977 1498 1008 53

113 1820 191 1859 Sed
221 1831 417 1870 exponam
447 1817 543 1867 quid
570 1816 611 1854 in
641 1829 680 1855 re
707 1818 759 1854 sit
785 1823 826 1854 ut
857 1829 975 1866 quam
1007 1815 1060 1853 ob
1091 1828 1171 1853 rem
1202 1813 1275 1851 ista
1303 1812 1438 1851 civitas
1457 1815 1508 1853 23

112 1897 242 1935 neque
276 1896 407 1922 severe
440 1883 626 1920 Flaccum
659 1880 893 1931 oppugnarit
934 1893 1062 1930 neque
1097 1878 1267 1928 benigne
1301 1879 1436 1916 defen—

155 1998 174 2017 2
199 1986 366 2027 querellas
384 1986 412 2015 V
498 1996 516 2023 4
542 1983 708 2024 publicam
727 1983 833 2015 Sclrol.
853 1995 860 2014 t
885 1983 919 2014 P.
938 1983 1001 2014 V2:
1027 1994 1092 2015 om.
1111 1986 1176 2013 cell.
1269 1982 1290 2011 6
1315 1981 1438 2021 Pytho-

113 2031 184 2062 dori
208 2030 378 2061 Aetidemi
396 2029 582 2068 Lepisones
606 2027 711 2068 (-soni
735 2028 769 2067 k)
794 2027 823 2065 k,
852 2027 1022 2057 Faernus:
1058 2025 1262 2065 pythodoria
1289 2029 1322 2055 et
1349 2025 1437 2054 idem

114 2074 257 2114 iepisoni
285 2074 332 2113 (-e
361 2072 419 2112 V1)
445 2075 509 2102 cett.
538 2071 748 2112 (Archidemi
774 2075 837 2110 pro
862 2070 1031 2101 Aetidemi
1061 2069 1171 2108 Klotz,
1210 2068 1355 2107 Epigoni
1378 2073 1440 2107 pro

114 2117 304 2158 Lepisones
320 2116 443 2154 Baiter)
557 2116 577 2145 8
602 2115 755 2154 putidum
775 2114 818 2152 λέ·
931 2124 963 2144 11
992 2123 1010 2143 a
1027 2118 1124 2151 patre
1141 2113 1164 2151 i,
1180 2112 1228 2144 ed.
1252 2111 1300 2142 V:
1323 2116 1439 2150 aperte

114 2162 180 2192 mci
327 2170 363 2198 ¹4
389 2159 634 2199 parrhasiqlium
658 2157 690 2187 V
836 2166 872 2195 15
897 2157 975 2187 mihi
999 2156 1057 2187 Vi:
1092 2167 1156 2187 om.
1176 2159 1240 2186 cett.
1398 2164 1440 2184 20

113 2210 261 2236 actorem
289 2203 519 2234 Cameran'us:
552 2207 720 2232 auctorem
745 2200 833 2231 codd.
859 2204 887 2230 el
908 2199 1012 2231 Schol.
1147 2198 1390 2238 quaerellarum
1413 2197 1445 2227 V

115 2258 152 2278 21
180 2248 300 2279 sedent
318 2247 335 2276 b
353 2258 360 2277 z
377 2247 518 2277 sedeant
538 2244 590 2284 VX
607 2255 613 2274 :
643 2245 805 2275 seducant
821 2244 841 2274 k
973 2253 1014 2282 23
1031 2242 1082 2273 sin
1100 2241 1290 2282 Naugerius
1309 2242 1355 2281 (Ι)
1376 2252 1382 2271 :
1407 2241 1438 2270 in

119 2291 187 2322 Vk:
211 2301 275 2321 om.
297 2289 339 2329 ὁχ
465 2290 507 2319 26
525 2289 568 2319 sit
581 2288 647 2328 bx:
671 2298 736 2319 om.
761 2287 809 2318 Vk
825 2287 859 2317 in
876 2286 934 2317 lac.
1043 2295 1084 2325 27
1109 2296 1187 2316 vere
1208 2285 1240 2315 V
1324 2284 1439 2314 desen-

105 2335 212 2365 deret
233 2333 264 2363 V
1309 2332 1315 2337 “

170 2400 233 2420 εις.
253 2400 321 2419 prm
340 2399 467 2420 rmcco
1373 2395 1410 2423 15
