1747 2620
236 125 260 162 3
282 128 297 162 7
650 116 705 153 M.
739 116 905 152 TVLLI
940 115 1247 154 CICERONIS

242 227 400 276 JQuod
424 227 455 266 si
483 228 651 266 creditor
678 234 736 265 est
763 227 802 265 in
830 229 955 276 culpa,
980 240 1060 265 non
1093 227 1123 264 is
1159 226 1225 277 qui
1256 226 1434 277 improbe
1464 226 1611 266 credita

276 292 444 342 pecunia
471 306 564 331 usus
593 299 652 341 est,
676 294 886 331 damnetur
916 292 946 330 is
976 291 1043 342 qui
1068 291 1278 330 fabricatus
1299 291 1473 342 gladium
1495 299 1553 330 est
1573 300 1611 331 et

277 357 464 404 vendidit,
489 371 570 395 non
603 357 633 396 is
668 357 735 407 qui
768 357 834 396 illo
865 357 998 407 gladio
1033 356 1159 395 civem
1193 356 1366 407 aliquem
1401 356 1607 396 interemit.

278 424 409 472 Quam
441 424 493 461 ob
528 437 609 461 rem
632 436 760 473 neque
790 430 843 470 tu,
875 424 918 462 C.
945 421 1124 469 Memmi,
1155 423 1231 460 hoc
1259 423 1385 460 facere
1416 423 1538 461 debes
1567 431 1609 461 ut

275 496 466 535 senatum,
501 488 611 527 cuius
642 487 862 526 auctoritati
895 496 932 526 te
961 488 1011 526 ab
1043 486 1311 526 adulescentia
1341 487 1539 535 dedidisti,
1568 488 1608 527 in
1629 501 1647 534 5

274 560 382 591 tanta
413 553 573 592 infamia
599 553 741 592 versari
769 553 874 601 velis,
904 567 1032 604 neque
1063 566 1135 603 ego
1165 552 1206 591 id
1235 553 1344 603 quod
1374 566 1454 591 non
1483 552 1608 603 agitur

274 615 497 654 defendere.
560 615 737 654 Postumi
760 615 864 654 enim
886 629 1014 663 causa,
1042 628 1317 665 quaecumque
1338 622 1406 661 est,
1431 614 1607 654 seiuncta

237 690 254 719 8
273 693 295 718 a
316 688 453 719 senatu
475 688 542 719 est.
590 682 712 730 Quod
733 680 764 719 si
786 680 878 719 item
900 695 922 719 a
943 680 1114 719 Gabinio
1136 680 1353 719 seiunctam
1383 681 1605 728 ostendero,

273 753 377 784 certe
397 748 505 796 quod
527 746 634 785 dicas
656 745 752 784 nihil
775 746 950 785 habebis.

226 821 252 857 4
328 812 398 849 Est
430 811 535 850 enim
572 813 669 850 haec
705 825 822 850 causa
857 813 976 860 ‘Qvo
1012 824 1064 849 EA
1100 823 1280 850 PECVNlA
1316 810 1606 849 PERVENERIT’
1631 826 1668 848 ιο

271 877 383 926 quasi
403 879 599 927 quaedam
623 877 888 928 appendicula
914 891 1056 916 causae
1083 877 1279 916 iudicatae
1303 885 1422 927 atque
1449 878 1608 916 damna-

271 950 342 981 tae.
404 944 502 982 Sunt
531 943 618 982 lites
647 942 875 981 aestimatae
915 945 962 981 A.
1005 942 1188 990 Gabinio,
1226 956 1299 980 nec
1327 943 1490 992 praedes
1526 943 1606 981 dati

272 1021 344 1046 nec
389 1021 435 1046 ex
479 1008 592 1047 bonis
632 1009 781 1059 populo
822 1007 1026 1047 universae
1066 1009 1148 1046 lites
1181 1009 1332 1046 solutae.
1394 1009 1511 1047 Iubet
1545 1010 1606 1047 lex

272 1073 372 1112 Iulia
399 1074 580 1124 persequi
607 1074 658 1112 ab
688 1073 742 1112 eis
770 1074 821 1112 ad
849 1086 948 1123 quos
976 1087 1021 1112 ea
1050 1073 1218 1124 pecunia
1247 1087 1365 1124 quam
1397 1073 1428 1112 is
1458 1075 1604 1124 ceperit

271 1139 337 1189 qui
372 1140 582 1178 damnatus
614 1139 662 1177 sit
694 1138 922 1190 pervenerit.
994 1139 1033 1177 Si
1065 1147 1123 1178 est
1158 1141 1234 1177 lioc
1267 1152 1413 1178 novum
1449 1139 1487 1177 in
1520 1142 1604 1190 lege
1627 1154 1661 1186 15

272 1204 382 1252 Iulia,
407 1204 520 1243 sicuti
554 1207 676 1243 multa
709 1212 800 1242 sunt
831 1204 1001 1243 severius
1033 1206 1174 1256 scripta
1209 1219 1328 1256 quam
1360 1205 1399 1243 in
1434 1206 1604 1256 antiquis

270 1270 419 1320 legibus
441 1278 479 1309 et
500 1270 682 1318 sanctius,
714 1270 923 1309 inducatur
949 1284 1042 1309 sane
1068 1270 1186 1309 etiam
1215 1272 1462 1310 consuetudo
1488 1272 1604 1311 huius

231 1354 249 1385 9
269 1336 420 1387 generis
442 1337 677 1375 iudiciorum
700 1350 801 1375 nova
820 1352 829 1385 3
859 1336 919 1375 sin
941 1337 1017 1375 hoc
1039 1336 1205 1375 totidem
1227 1337 1354 1376 verbis
1375 1339 1604 1376 translatum

269 1410 385 1452 caput
407 1410 464 1441 est
492 1410 588 1452 quot
615 1402 685 1440 fuit
716 1416 797 1441 non
829 1403 950 1441 modo
980 1402 1019 1440 in
1051 1402 1235 1442 Cornelia
1266 1404 1336 1441 sed
1363 1403 1480 1442 etiam
1512 1412 1603 1443 ante

268 1469 307 1505 in
328 1469 413 1517 lege
441 1467 610 1514 Servilia,
636 1481 703 1518 per
732 1469 829 1507 deos
854 1467 1107 1506 immortalis!
1136 1467 1231 1518 quid
1253 1468 1415 1519 agimus,
1439 1469 1599 1518 iudices,
1624 1484 1663 1506 20

267 1541 333 1571 aut
363 1547 482 1584 quern
510 1534 615 1572 hunc
646 1547 795 1572 morem
827 1548 1019 1573 novorum
1050 1534 1285 1576 iudiciorum
1316 1534 1354 1572 in
1377 1548 1456 1573 rem
1478 1535 1602 1585 publi-

267 1613 354 1637 cam
384 1599 640 1638 inducimus?
700 1602 791 1638 Erat
822 1599 928 1638 enim
959 1601 1057 1638 haec
1090 1601 1338 1638 consuetudo
1369 1608 1463 1639 nota
1490 1601 1601 1639 vobis

267 1664 428 1714 quidem
459 1664 655 1711 omnibus,
685 1666 764 1712 sed,
795 1664 826 1703 si
862 1678 954 1703 usus
989 1665 1171 1715 magister
1208 1672 1266 1703 est
1297 1665 1478 1715 optimus,
1507 1666 1601 1704 mihi

266 1730 385 1768 debet
424 1743 508 1769 esse
548 1729 761 1768 notissima.
823 1730 1017 1769 Accusavi
1054 1732 1104 1769 de
1144 1731 1320 1781 pecuniis
1361 1731 1601 1781 repetundis,

266 1794 383 1834 iudex
412 1795 507 1843 sedi,
531 1803 685 1845 praetor
715 1795 899 1846 quaesivi,
938 1795 1099 1834 defendi
1133 1796 1346 1846 plurimos3
1376 1798 1482 1835 nulla
1514 1810 1600 1847 pars
1621 1807 1660 1840 25

267 1874 367 1910 quae
390 1861 563 1912 aliquam
589 1863 813 1900 facultatem
840 1861 1018 1900 discendi
1040 1862 1191 1900 adferre
1213 1869 1344 1912 posset
1365 1876 1387 1900 a
1408 1876 1471 1901 me
1491 1862 1597 1901 afuit.

313 1975 325 1994 1
353 1971 405 1996 est
423 1966 455 1996 in
474 1976 500 1996 c.
518 1977 582 1997 non
602 1966 630 1997 is
655 1965 772 1998 Klotz:
813 1966 846 1996 in
865 1976 892 1997 c.
913 1965 955 1996 sit
980 1975 1049 1995 non
1075 1965 1101 1996 is
1125 1965 1172 1997 (ἴς
1207 1966 1236 1996 is
1261 1966 1293 1996 in
1318 1976 1345 1998 c.
1375 1976 1442 1996 non
1468 1965 1510 1997 sit
1534 1969 1598 1996 cell.

266 2019 284 2038 2
310 2019 389 2039 usus
403 2014 454 2040 est
470 2010 593 2040 Orelli:
619 2010 662 2041 sit
681 2020 761 2041 usus
775 2010 795 2039 k
810 2021 816 2044 ;
843 2020 924 2039 usus
942 2012 1005 2040 cett.
1085 2013 1136 2040 est
1155 2008 1303 2048 gladium
1319 2009 1456 2048 Quintil.
1475 2010 1518 2041 ix,
1535 2019 1566 2048 3.
1578 2011 1600 2040 6

265 2061 284 2090 5
301 2053 457 2083 dedidisti
472 2054 634 2084 Patricius
650 2066 655 2084 :
677 2053 799 2084 dedisti
815 2053 901 2083 codd.
987 2062 1024 2091 13
1049 2052 1172 2092 populo
1186 2053 1364 2083 universae
1377 2054 1454 2084 lites
1466 2053 1598 2083 solutae

263 2096 394 2136 scripsi:
422 2098 534 2136 populi
553 2097 681 2128 servari
701 2098 755 2128 lex
770 2098 851 2138 (om.
867 2097 922 2126 lex
938 2099 1008 2133 Ωείῇ)
1022 2107 1126 2135 aequa
1140 2102 1192 2127 est
1207 2096 1391 2136 (adnotatio
1406 2099 1413 2114 ‘
1428 2097 1481 2127 lex
1492 2107 1599 2136 aequa

265 2144 316 2170 est
327 2138 334 2151 '
352 2140 446 2170 verba
460 2140 618 2171 Ciceronis
637 2141 773 2181 expulit)
869 2151 905 2179 17
930 2140 1063 2170 inducta
1076 2139 1148 2170 Q2st
1236 2141 1336 2171 ctiam
1345 2145 1400 2180 pq,
1417 2140 1595 2180 Angelius:

264 2183 363 2213 etiam
376 2195 450 2214 curn
469 2188 532 2215 cell.
625 2186 662 2214 18
687 2186 738 2215 sin
753 2183 927 2214 Manutius
942 2195 948 2213 t
966 2184 1009 2213 sit
1029 2184 1125 2224 (sint)
1146 2181 1234 2215 codd.
1323 2194 1361 2222 19
1385 2189 1464 2222 quot
1476 2184 1597 2214 lllann-

264 2227 346 2257 tius:
370 2229 458 2267 quod
474 2227 559 2259 codd.
656 2238 698 2258 20
722 2228 798 2267 lege
815 2227 873 2257 del.
895 2226 1058 2256 Pam'c’ins
1146 2237 1182 2256 21
1210 2237 1279 2258 rem
1293 2228 1359 2267 pk:
1386 2227 1425 2259 R.
1448 2228 1514 2267 (rc)
1532 2230 1595 2258 felt.

265 2280 304 2307 24
333 2271 529 2302 notissimus
542 2270 629 2302 codd.
647 2283 653 2301 :
678 2282 755 2302 corr.
776 2270 824 2302 ed.
841 2270 987 2310 llervag.
1159 2271 1201 2300 26
1225 2271 1358 2301 dicendi
1376 2270 1465 2301 codd.
1486 2282 1492 2301 ε
1515 2280 1593 2301 corr.

265 2312 436 2344 Hotoman
520 2326 605 2346 ame
618 2315 702 2346 afuit
719 2314 825 2345 Halm
844 2325 851 2344 ε
877 2323 950 2344 mea
966 2314 1050 2354 (non
1070 2323 1143 2344 mea
1161 2314 1204 2353 (ἶ)
1222 2314 1283 2344 suit
1300 2313 1388 2344 codd.
1407 2326 1413 2345 ε
1439 2324 1512 2344 mea
1526 2323 1594 2344 non

266 2357 325 2387 suit
343 2358 506 2398 Angelius
