1716 2662
355 111 430 149 DE
460 110 607 148 LEGE
636 110 897 147 AGRARIA
926 109 1144 147 ORATIO
1176 110 1194 148 Ι
1406 120 1435 158 9
1459 114 1499 146 26

103 222 314 262 defendite.
377 224 505 261 Multa
534 228 624 260 sunt
651 222 807 259 occulta
834 220 886 258 rei
915 220 1096 271 publicae
1117 222 1286 268 volnera,
1310 223 1433 260 multa

104 287 339 326 nefariorum
380 287 524 325 civium
557 285 776 337 perniciosa
815 285 1005 334 consilia3
1044 286 1195 324 nulium
1230 294 1432 325 externum

103 352 318 403 periculum
350 360 419 400 est,
441 364 522 391 non
552 364 627 399 rex,
651 364 731 389 non
759 363 856 401 gens
885 351 974 398 ulla,
1006 363 1086 389 non
1117 351 1224 389 natio
1256 352 1435 401 pertime-

102 419 248 456 scenda
283 426 339 456 est
356 432 366 465 3
406 416 600 456 inclusum
635 417 794 463 malum,
829 414 1059 454 intestinum
1091 429 1136 454 ac
1171 417 1433 456 domesticum

66 498 82 529 5
102 491 171 523 est.
215 482 323 521 Huic
344 496 414 534 pro
435 496 477 521 se
497 481 665 533 quisque
686 489 863 520 nostrum
886 481 1033 520 mederi
1058 489 1178 531 atque
1199 483 1275 520 boe
1296 496 1434 522 omnes

102 561 238 587 sanare
259 549 357 587 velle
377 547 580 586 debemus,
641 546 798 593 Erratis,
821 545 851 584 si
874 553 1053 584 senatum
1081 546 1247 596 probare
1268 560 1312 586 ea
1333 561 1434 598 quae
1456 561 1495 596 27

101 612 286 652 dicuntur
314 627 336 651 a
366 626 429 651 me
456 612 611 663 putatis,
635 612 826 662 populum
853 618 986 649 autem
1015 624 1100 650 esse
1128 611 1167 649 in
1197 613 1272 651 alia
1300 614 1435 651 volun-

102 686 190 716 tate.
252 678 403 716 Omnes
442 677 509 728 qui
544 691 585 716 se
619 676 829 715 incolumis
858 677 991 715 volent
1024 684 1238 727 sequentur
1272 678 1435 717 auctori-

101 751 221 781 tatem
243 742 415 782 consulis
443 742 558 781 soluti
588 756 611 780 a
640 742 933 793 cupiditatibus,
957 742 1067 781 liberi
1094 756 1116 781 a
1144 743 1307 791 delictis,
1328 744 1431 783 cauti

47 822 83 844 ιο
102 807 140 846 in
176 807 368 858 periculis,
407 821 486 846 non
520 807 647 846 timidi
682 807 720 845 in
756 807 1090 846 contentionibus.
1153 809 1274 857 Quod
1306 809 1336 847 si
1366 809 1433 859 qui

102 881 271 911 vestrum
306 887 376 924 spe
415 874 570 911 ducitur
608 886 650 912 se
690 886 807 923 posse
846 873 1071 911 turbulenta
1107 874 1257 912 ratione
1296 874 1434 913 honori

101 938 283 977 velificari
305 951 387 985 suo,
404 940 573 989 primum
595 952 658 977 me
679 940 841 977 consule
863 938 903 976 id
924 951 1079 989 sperare
1099 938 1272 987 desistat,
1290 939 1435 978 deinde

102 1004 245 1042 habeat
285 1018 347 1043 me
381 1004 510 1054 ipsum
545 1003 617 1042 sibi
657 1005 911 1052 documento,
950 1018 1068 1054 quem
1102 1004 1270 1054 equestri
1305 1011 1434 1041 ortum

101 1071 190 1108 loco
222 1072 425 1109 consulem
461 1071 577 1118 videt,
602 1084 703 1120 quae
733 1071 835 1109 vitae
866 1071 927 1109 via
958 1070 1143 1108 facillime
1171 1071 1272 1107 viros
1307 1070 1435 1107 bonos

47 1150 81 1182 ¹5
101 1136 151 1173 ad
174 1136 365 1173 bonorem
386 1135 697 1186 dignitatemque
719 1137 917 1186 perducat.
980 1136 1099 1184 Quod
1122 1135 1151 1173 si
1174 1148 1242 1172 vos
1263 1141 1433 1172 vestrum

103 1199 200 1238 mihi
229 1201 415 1247 studium,
438 1207 566 1250 patres
591 1200 812 1250 conscripti,
835 1202 887 1239 ad
916 1214 1170 1239 communem
1203 1198 1432 1249 dignitatem

102 1266 395 1304 defendendam
410 1266 658 1316 profitemini,
675 1266 873 1316 perficiam
889 1266 1127 1316 profect0,id
1141 1266 1250 1315 quod
1266 1263 1434 1302 maxime

103 1345 161 1370 res
183 1331 340 1382 publica
362 1330 567 1378 desiderat,
592 1338 633 1370 ut
655 1333 770 1370 huius
791 1331 940 1370 ordinis
961 1330 1181 1378 auctoritas,
1206 1343 1307 1380 quae
1327 1330 1434 1379 apud

105 1397 269 1435 maiores
305 1404 458 1436 nostros
488 1396 569 1444 fuit,
592 1398 731 1436 eadem
763 1410 868 1435 nunc
898 1397 1016 1447 longo
1047 1397 1249 1435 intervallo
1279 1396 1330 1433 rei
1367 1408 1434 1445 pu-

47 1479 86 1501 20
105 1463 230 1502 blicae
250 1464 427 1502 restituta
444 1475 530 1501 esse
551 1463 737 1501 videatur.

152 1577 164 1597 r
192 1567 340 1598 vulnera.
361 1565 464 1597 multa
482 1564 596 1606 Μμςε
621 1566 722 1597 multa
739 1566 878 1596 vulnera
897 1565 975 1596 Effe
1144 1575 1162 1594 2
1188 1569 1363 1594 externum
1382 1563 1434 1593 ΜΞ

104 1609 175 1652 χῖς
192 1622 199 1641 :
223 1615 410 1642 extremum
429 1614 493 1642 cast.
659 1621 677 1648 5
703 1610 792 1650 huic]
812 1610 863 1640 hic
883 1609 928 1640 Er
1082 1619 1098 1647 7
1124 1619 1142 1639 a
1163 1618 1214 1638 me
1232 1608 1390 1638 dicuntur
1407 1606 1439 1637 E

103 1665 125 1695 9
149 1654 278 1685 deliciis
299 1654 378 1695 Lag.
398 1665 418 1693 9
514 1664 550 1684 10
574 1654 626 1692 qni
647 1654 714 1684 Ec:
743 1655 816 1694 quis
833 1658 898 1685 (cll.
995 1662 1028 1683 11
1057 1662 1118 1693 spe
1138 1650 1272 1690 Eew'ssyn
1291 1663 1296 1681 ε
1321 1652 1434 1691 specie

103 1702 171 1730 cett.
310 1707 345 1737 ις
372 1697 544 1728 intervallo
561 1696 660 1736 longo
678 1696 709 1727 E
