1747 2620
170 121 212 161 15

169 526 215 563 16

173 593 212 628 37

236 116 277 157 36
601 111 656 148 M.
689 111 856 147 TVLLI
891 110 1197 148 CICERONIS

235 236 363 274 neque
385 222 693 273 splendidiorem
715 221 858 270 fuisse3
888 223 964 260 hoc
990 230 1094 261 certe
1114 222 1240 270 video,
1260 224 1369 273 quod
1391 222 1565 262 indicant

234 290 391 328 tabulae
413 288 604 338 publicae,
629 302 696 326 vos
718 296 926 337 rogatores,
950 301 1019 326 vos
1036 287 1268 336 diribitores,
1292 302 1361 326 vos
1382 290 1566 327 custodes

235 354 352 393 fuisse
382 355 623 400 tabellarum,
648 362 696 400 et,
723 355 833 403 quod
860 353 898 391 in
925 354 1142 391 honoribus
1168 361 1382 392 vestrorum
1414 354 1567 404 propin-

235 433 403 470 quorum
424 433 504 457 non
527 419 651 457 facitis
673 421 732 457 vel
753 419 891 457 aetatis
913 419 1166 457 excusatione
1186 421 1247 458 vel
1271 419 1444 467 honoris,
1467 420 1506 457 id
1528 420 1566 457 in

235 487 358 524 salute
380 498 468 523 mea
488 485 598 522 nullo
620 492 781 534 rogante
802 497 872 523 vos
893 492 1020 522 vestra
1039 492 1182 534 sponte
1202 483 1358 523 fecistis.
1588 498 1604 529 5

289 551 436 590 Confer
479 562 596 596 nunc,
644 549 813 599 Epicure
857 557 989 587 noster
1032 563 1078 587 ex
1118 550 1212 587 hara
1251 551 1443 600 producte
1486 562 1567 587 non

233 630 280 655 ex
318 617 464 663 schola,
505 616 649 662 confer,
686 614 716 652 si
754 616 887 661 audes,
929 614 1148 653 absentiam
1188 622 1295 653 tuam
1336 629 1426 653 cum
1466 628 1564 653 mea.

233 680 449 721 Obtinuisti
498 680 739 731 provinciam
780 681 1027 718 consularem
1076 680 1220 719 finibus
1263 680 1319 719 eis
1367 694 1466 731 quos
1506 682 1567 719 lex

232 746 458 797 cupiditatis
488 753 589 793 tuae,
616 759 696 784 non
728 759 827 796 quos
860 747 920 784 lex
946 745 1078 795 generi
1106 746 1162 784 tui
1191 746 1401 797 pepigerat.
1462 747 1565 784 Nam
1606 793 1613 800 ι

232 814 317 862 lege
344 811 522 852 Caesaris
550 810 761 849 iustissima
786 818 906 861 atque
926 811 1077 860 optima
1106 811 1240 862 populi
1261 811 1370 850 liberi
1392 812 1508 862 plane
1528 819 1566 850 et
1590 825 1627 847 10

231 891 320 916 vere
347 884 456 916 erant
483 876 604 924 liberi,
628 878 713 926 lege
742 883 875 915 autem
903 890 949 915 ea
975 890 1095 926 quam
1117 890 1235 915 nemo
1265 878 1391 927 legem
1415 884 1567 927 praeter

231 951 269 982 te
307 950 345 982 et
389 944 593 993 conlegam
642 950 753 981 tuum
797 942 947 992 putavit
990 942 1118 980 omnis
1161 950 1241 981 erat
1285 942 1355 981 tibi
1402 942 1563 989 Achaia,

231 1007 446 1056 Thessalia,
497 1009 691 1055 Athenae,
742 1015 885 1046 cuncta
935 1007 1100 1046 Graecia
1147 1008 1329 1055 addicta;
1391 1008 1565 1045 habebas

230 1073 442 1112 exercitum
475 1080 629 1112 tantum
660 1081 852 1123 quantum
887 1073 957 1111 tibi
992 1086 1072 1111 non
1107 1081 1265 1112 senatus
1296 1081 1361 1111 aut
1399 1074 1565 1123 populus

232 1141 438 1178 Romanus
469 1140 642 1186 dederat,
675 1140 744 1177 sed
780 1146 971 1188 quantum
1002 1146 1069 1177 tua
1101 1138 1225 1177 libido
1257 1138 1622 1187 conscripserat315

230 1205 421 1244 aerarium
454 1206 698 1244 exhauseras.
760 1206 869 1253 Quas
905 1218 964 1243 res
993 1203 1145 1254 gessisti
1173 1203 1350 1254 imperio,
1381 1203 1562 1250 exercitu,

230 1270 431 1322 provincia
460 1270 685 1309 consulari?
742 1272 852 1320 Quas
886 1284 945 1309 res
978 1270 1153 1320 gesserit,
1182 1273 1353 1320 quaero!
1411 1269 1490 1318 Qui
1524 1277 1564 1308 ut

230 1336 350 1384 venit,
382 1335 749 1374 statim—nondum
786 1349 1057 1374 commemoro
1094 1335 1259 1385 rapinaS,
1294 1349 1373 1373 non
1409 1342 1563 1373 exactas

229 1402 428 1453 pecunias,
456 1415 536 1440 non
565 1409 708 1451 captaS,
742 1415 821 1440 non
850 1401 1069 1452 imperatas,
1102 1415 1182 1439 non
1207 1415 1325 1440 neces
1353 1401 1561 1448 sociorum,

229 1481 309 1506 non
345 1467 476 1506 caedis
516 1467 728 1517 hospitum,
771 1480 850 1505 non
891 1467 1107 1517 perfidiam,
1142 1480 1222 1505 non
1263 1466 1558 1513 immanitatem,
1584 1486 1623 1507 20

230 1547 310 1571 non
345 1534 490 1571 scelera
522 1532 731 1582 praedico,
767 1546 870 1579 mox,
900 1531 930 1569 si
961 1531 1167 1578 videbitur,
1197 1540 1243 1570 *ut
1276 1546 1367 1570 cum
1395 1533 1487 1577 sure,
1520 1539 1562 1569 ut

229 1612 319 1637 cum
363 1597 560 1647 sacrilego,
606 1605 648 1635 ut
687 1611 777 1635 cum
821 1597 959 1635 sicario
999 1597 1235 1647 disputabo3
1285 1611 1389 1635 nunc
1434 1610 1560 1634 meam

228 1663 434 1714 spoliatam
463 1664 661 1702 fortunam
684 1663 882 1700 conferam
911 1676 1001 1700 cum
1029 1664 1192 1701 florente
1218 1664 1372 1700 fortuna
1400 1662 1561 1711 impera-

227 1728 330 1767 toris.
392 1727 491 1777 Quis
531 1741 718 1776 umquam
764 1726 1005 1776 provinciam
1047 1741 1137 1765 cum
1179 1727 1349 1765 exercitu
1389 1726 1558 1765 obtinuit

226 1793 292 1843 qui
325 1795 450 1831 nullas
482 1794 532 1830 ad
565 1800 743 1830 senatum
781 1791 924 1830 litteras
958 1792 1133 1831 miserit?
1169 1800 1315 1830 tantam
1350 1806 1440 1830 vero
1475 1806 1560 1842 pro·
1581 1811 1619 1841 25

225 1858 392 1897 vinciam
415 1871 504 1896 cum
531 1865 640 1895 tanto
665 1857 845 1903 exercitu,
873 1858 1152 1896 Macedoniam
1180 1856 1416 1908 praesertim,
1440 1870 1558 1906 quam

227 1932 357 1962 tantae
378 1924 630 1961 barbarorum
656 1930 792 1972 gentes
819 1923 1015 1973 attingunt
1036 1932 1078 1961 ut
1106 1937 1260 1975 semper
1287 1922 1559 1961 Macedonicis

227 1988 525 2039 imperatoribus
554 1987 658 2026 idem
692 1989 788 2026 fines
816 1988 1038 2038 provinciae
1070 1988 1210 2026 fuerint
1241 1987 1306 2038 qui
1338 1987 1556 2037 gladiorum

273 2104 284 2123 1
315 2092 528 2132 splendorem
547 2091 582 2121 N
736 2102 754 2121 2
781 2092 972 2122 diribitores
994 2092 1042 2123 V:
1068 2092 1302 2123 distributores
1319 2094 1383 2122 cett.
1539 2101 1558 2129 3

226 2136 419 2167 tabellarum
438 2136 524 2166 codd.
549 2135 782 2166 Lallenmndt‘:
809 2136 994 2166 tabularum
1013 2136 1078 2166 mei
1207 2137 1228 2165 6
1254 2134 1359 2175 nunc]
1377 2139 1410 2165 te
1428 2145 1513 2164 nunc
1533 2134 1563 2163 V

229 2191 263 2210 11
292 2185 385 2210 erant
403 2191 467 2210 0111.
493 2180 524 2209 V
684 2180 722 2208 16
746 2179 885 2218 imperio
907 2179 959 2209 V:
985 2180 1017 2209 in
1036 2180 1178 2218 imperio
1195 2182 1257 2209 cell.
1429 2180 1465 2208 18
1486 2181 1560 2218 post

225 2225 337 2254 statim
351 2223 506 2254 lacunam
524 2223 640 2253 statuit
657 2222 898 2263 Lagomm'sim'
977 2234 1043 2253 non
1063 2227 1200 2253 exactas
1218 2221 1356 2261 VEe<p><¹
1376 2233 1380 2251 :
1408 2222 1556 2251 nonduin

226 2272 361 2297 exactas
379 2271 443 2298 cell.
597 2277 639 2296 20
664 2267 785 2296 caedes
808 2265 855 2295 V:
881 2266 1019 2296 caedem
1037 2270 1103 2297 cell.
1258 2275 1298 2295 22
1323 2264 1487 2302 sacrilego
1505 2264 1556 2304 nt]

225 2310 392 2349 sacrilego
411 2309 471 2347 Μμ
628 2310 670 2339 26
694 2319 790 2349 quam
811 2313 923 2339 tantae
946 2309 1035 2340 barb.
1058 2314 1180 2349 gentes
1198 2309 1367 2347 attingunt
1390 2307 1438 2337 V:
1473 2317 1557 2346 quae

224 2355 328 2384 tantis
346 2354 437 2385 barb.
460 2353 616 2393 gentibus
633 2353 810 2391 attingitur
826 2356 890 2384 cell.
1049 2363 1088 2391 27
1116 2351 1341 2384 Macedonicis
1364 2350 1557 2391 νΕεφχῙςε

227 2397 470 2429 Macedonibus
488 2400 549 2428 cclt.
687 2397 728 2426 28
753 2397 978 2435 gladiatorum
998 2396 1090 2426 MeN
