1716 2662
108 480 126 512 5

92 805 130 827 10

97 1460 137 1481 20

471 92 531 129 ΙΝ
566 92 608 128 L.
641 90 890 129 PISONEM
921 89 1138 128 ORATIO
1443 97 1476 124 11

146 200 321 252 principe
349 201 421 241 Cn.
446 201 637 251 Pompeio
665 201 854 238 referente
881 206 920 237 et
946 199 996 237 de
1024 210 1187 247 corpore
1213 197 1266 235 rei
1294 195 1476 247 publicae

146 273 300 304 tuorum
328 267 518 304 scelerum
549 266 626 304 tela
654 265 864 304 revellente
891 269 1129 301 revocarant.
1189 263 1252 299 An
1281 268 1363 299 tum
1393 273 1476 299 eras

146 333 283 369 consul
310 345 400 369 curn
427 330 467 369 in
491 330 640 369 Palatio
663 342 750 368 mea
770 330 914 368 domus
935 328 1098 366 ardebat
1118 341 1199 365 non
1230 339 1323 365 casu
1345 325 1477 375 aliquo

147 397 216 435 sed
251 396 404 447 ignibus
439 395 592 434 iniectis
627 395 835 444 instigante
870 396 938 434 te?
989 394 1157 443 Ecquod
1192 393 1230 430 in
1271 393 1344 429 hac
1383 391 1479 429 urbe

148 461 272 500 maius
297 474 487 511 umquam
514 459 743 499 incendium
765 458 836 497 fuit
857 459 919 497 cui
947 472 1027 497 non
1057 459 1194 496 consul
1224 454 1481 495 subvenerit?

147 528 200 565 At
229 534 270 564 tu
300 525 366 563 illo
394 525 480 576 ipso
509 533 686 575 tempore
715 525 821 574 apud
852 537 1007 562 socrum
1038 530 1144 561 tuam
1176 536 1298 573 prope
1331 535 1354 559 a
1383 520 1481 559 meis

147 591 321 639 aedibus,
357 591 468 629 cuius
507 592 672 629 domum
710 591 761 628 ad
801 603 929 627 meam
969 590 1133 627 domum
1174 587 1481 627 exhauriendam

148 657 396 707 patefeceras,
420 656 585 694 sedebas
621 669 701 693 non
734 654 946 693 exstinctor
979 655 1050 692 sed
1082 661 1218 692 auctor
1252 651 1411 691 incendi
1445 659 1484 689 et

147 721 319 760 ardentis
341 723 443 760 faces
464 721 572 759 furiis
588 720 793 761 Clodianis
816 734 941 771 paene
963 719 1046 770 ipse
1069 720 1207 758 consul
1223 718 1480 756 ministrabas.

149 789 213 825 An
252 801 343 826 vero
382 788 532 837 reliquo
572 794 749 837 tempore
791 787 994 824 consulem
1035 793 1073 824 te
1114 784 1322 835 quisquam
1360 783 1485 830 duxit,

150 853 358 903 quisquam
388 853 458 891 tibi
489 852 626 903 paruit,
662 852 871 902 quisquam
904 851 943 889 in
974 852 1120 889 curiam
1153 849 1323 889 venienti
1355 850 1485 887 adsur-

151 918 255 965 rexit,
280 917 489 968 quisquam
517 918 738 956 consulenti
766 918 1086 968 respondendum
1112 916 1291 967 putavit?
1340 917 1484 954 Nume-

152 985 295 1022 randus
325 991 383 1022 est
417 983 480 1022 ille
511 997 637 1022 annus
669 985 841 1033 denique
878 984 915 1021 in
951 997 990 1022 re
1026 982 1194 1032 publica,
1228 995 1318 1020 cum
1349 982 1486 1019 obmu-

152 1049 287 1088 tuisset
326 1057 494 1096 senatus,
529 1049 673 1088 iudicia
705 1049 998 1095 conticuissent,
1035 1055 1250 1086 maererent
1290 1046 1395 1093 boni,
1429 1046 1486 1084 vis

114 1129 129 1160 ζ
152 1115 328 1154 latrocini
368 1114 483 1153 vestri
522 1122 604 1153 tota
643 1116 738 1153 urbe
778 1114 955 1152 volitaret
998 1126 1128 1163 neque
1167 1113 1260 1151 civis=
1299 1127 1401 1151 unus
1439 1127 1485 1150 cx

153 1180 307 1218 civitate
346 1181 415 1218 sed
450 1179 535 1230 ipsa
573 1179 707 1218 civitas
747 1187 816 1218 tuo
851 1186 889 1218 et
929 1177 1074 1217 Gabini
1115 1179 1249 1217 sceleri
1289 1177 1486 1228 furorique

154 1246 363 1285 cessisset?

207 1314 267 1349 Ac
300 1325 350 1350 ne
389 1319 473 1349 tum
513 1311 674 1361 quidem
707 1310 908 1358 emersisti,
950 1311 1142 1348 lutulente
1182 1308 1417 1355 Caesonine,
1440 1322 1486 1346 ex

157 1375 380 1415 miserrimis
410 1384 571 1415 naturae
601 1384 691 1414 tuae
722 1375 916 1422 sordibus,
950 1389 1040 1413 cum
1072 1382 1296 1425 experrecta
1326 1375 1484 1412 tandem

157 1441 276 1479 virtus
306 1440 508 1479 clarissimi
538 1440 606 1478 viri
637 1440 814 1479 celeriter
841 1448 879 1478 et
907 1453 1040 1477 verum
1072 1439 1245 1477 amicum
1273 1446 1310 1477 et
1340 1438 1489 1488 optime

159 1507 338 1546 meritum
360 1506 484 1545 civem
507 1513 545 1544 et
566 1519 679 1544 suum
702 1505 908 1556 pristinum
932 1518 1081 1543 morem
1105 1503 1304 1554 requisivit
1323 1519 1332 1551 3
1360 1517 1489 1554 neque

157 1582 215 1612 est
248 1573 310 1611 ille
344 1572 400 1609 vir
434 1585 570 1621 passus
604 1571 643 1609 in
679 1586 725 1610 ea
759 1585 798 1609 re
834 1570 991 1620 publica
1024 1583 1141 1620 quam
1175 1571 1257 1619 ipse
1288 1563 1490 1608 decorarat

157 1647 276 1689 atque
307 1645 465 1676 auxerat
496 1637 643 1675 diutius
676 1644 891 1675 vestrorum
931 1637 1119 1674 scelerum
1157 1643 1307 1686 pestem
1336 1634 1487 1681 morari,

158 1719 247 1743 cum
288 1713 419 1742 tamen
458 1703 532 1750 ille,
576 1703 875 1753 qualiscumque
915 1709 984 1749 cst,
1027 1701 1092 1751 qui
1138 1709 1195 1739 est
1242 1701 1292 1739 ab
1331 1714 1410 1739 uno
1454 1708 1491 1738 te

160 1768 409 1820 improbitate
453 1768 588 1815 victus,
637 1767 839 1814 Gabinius,
884 1766 1054 1817 conlegit
1098 1766 1179 1817 ipse
1223 1780 1264 1804 se
1306 1765 1378 1812 vix,
1422 1766 1491 1803 sed

159 1833 329 1883 conlegit
350 1842 492 1879 tamen,
521 1841 558 1871 et
586 1841 722 1871 contra
750 1846 864 1870 suum
890 1831 1074 1872 Clodium
1109 1831 1276 1881 primum
1300 1831 1488 1875 simulate,

159 1900 304 1939 deinde
329 1913 408 1937 non
435 1898 609 1945 libenter,
634 1899 684 1936 acl
706 1906 921 1936 extremum
955 1905 1085 1935 tamen
1109 1910 1179 1946 pro
1205 1898 1279 1936 Cn.
1302 1893 1492 1946 Pompeio

205 2017 223 2035 2
248 2010 447 2036 revocarunt
464 2004 554 2036 codd.
572 2016 578 2034 :
611 2016 687 2036 corr.
709 2004 898 2036 Lambinus
1079 2016 1097 2041 4
1124 2008 1155 2033 et
1172 2003 1259 2041 quod
1277 2000 1364 2031 codd.
1382 2012 1389 2031 ε
1415 2010 1490 2030 corr.

161 2049 337 2080 Mannum<
505 2058 524 2087 5
549 2048 746 2079 subveniret
762 2049 930 2079 Asconius
1103 2049 1124 2077 6
1149 2056 1254 2085 prope
1272 2068 1278 2075 .
1300 2069 1307 2075 .
1331 2068 1336 2074 .
1354 2043 1492 2074 aedibus

161 2104 226 2124 om.
245 2093 411 2123 Asconius
569 2101 584 2130 7
610 2102 715 2122 meam
735 2093 887 2123 (lomuml
910 2102 1015 2122 meam
1034 2090 1200 2121 Asconius
1348 2097 1386 2117 10
1410 2086 1492 2116 dixit

160 2136 272 2167 codd:
298 2147 374 2166 corr.
392 2135 438 2165 cd.
465 2134 496 2164 V
651 2146 683 2165 11
713 2136 771 2166 tibi
792 2137 901 2175 paruit
920 2136 940 2166 ι’.
961 2135 1008 2166 cd.
1031 2135 1081 2165 V:
1112 2134 1274 2172 disparuit
1310 2130 1494 2169 disperauit

162 2180 211 2210 N.
230 2179 316 2210 codd.
473 2189 506 2216 13
529 2181 763 2210 ommutuisset
779 2180 838 2215 ΑΙμ
991 2180 1028 2209 18
1054 2189 1091 2209 ac
1109 2188 1151 2208 ne
1169 2177 1224 2211 Ec,
1246 2198 1253 2204 ,
1266 2175 1411 2204 {scansus
1429 2184 1435 2202 :
1459 2178 1493 2203 at

162 2234 204 2253 nc
217 2223 320 2260 ΣΙῘμιιε
340 2233 427 2253 anne
449 2222 500 2259 χίῗ
561 2223 750 2253 Caesonine
768 2222 945 2253 Manutius
964 2234 970 2252 ε
991 2223 1079 2252 Ceso
1097 2219 1257 2261 (Caesoni
1277 2229 1299 2249 c.
1314 2217 1491 2257 Angelius„

162 2266 250 2297 codd.
289 2267 441 2296 Caesone
461 2265 595 2295 Asconii
608 2265 672 2296 cod.
693 2266 730 2296 S.
753 2266 842 2296 Ceso
860 2265 946 2296 codd.
969 2264 1041 2295 PM
1046 2284 1053 2302 s
1147 2276 1164 2294 e
1179 2262 1347 2292 „›1.«-11111·1‹.„-
1457 2270 1493 2299 ¹9

162 2315 358 2348 experrecta
375 2309 432 2345 [Ἲς.
455 2308 621 2338 115130111'115
638 2320 643 2338 z
677 2316 815 2348 ist-:perta
834 2312 897 2339 cell.
1080 2319 1122 2339 20
1149 2305 1320 2338 clarissimi
1339 2304 1399 2334 viri
1426 2314 1491 2334 om.

107 2378 111 2382 .
162 2353 326 2384 Asconius
458 2362 498 2391 25
523 2352 686 2383 Gabinius
704 2352 762 2383 dcl.
782 2352 935 2383 Muretus

1498 103 1537 132 25

1500 263 1539 295 26

1503 791 1546 819 12
