1716 2662
120 456 137 488 5

97 785 137 808 10

94 1438 134 1459 20

490 74 549 111 IN
582 74 626 110 L.
659 75 908 113 PISONEM
940 74 1157 113 ORATIO
1460 74 1485 111 8
1509 82 1547 112 18

160 197 228 234 per
248 184 454 224 interdicta
474 185 678 236 potestatis
699 193 788 224 tuae
808 184 1048 224 crudelitatis
1067 192 1149 224 erat
1169 199 1249 224 non
1277 186 1460 224 ferendae
1476 199 1487 233 3

159 262 249 287 cum
277 263 369 289 vero
400 251 439 289 id
470 259 628 290 senatus
651 252 835 301 frequens
858 250 1075 289 censuisset
1097 258 1138 289 et
1163 264 1301 289 omnes
1328 250 1486 289 ordines

159 314 297 365 reliqui
326 315 403 354 iam
431 324 521 355 ante
548 316 740 364 fecissent,
764 323 805 354 tu
830 330 878 354 ex
903 315 1150 355 tenebricosa
1174 315 1322 366 popina
1349 317 1485 354 consul

159 387 351 419 extractus
380 395 471 419 cum
495 381 558 419 illa
586 381 779 420 saltatrice
809 389 923 419 tonsa
949 389 1128 420 senatum
1156 381 1292 432 populi
1314 380 1485 420 Romani

158 458 343 484 occasum
370 453 492 497 atque
520 446 718 485 interitum
750 446 803 484 rei
833 445 1015 496 publicae
1048 447 1179 496 lugere
1207 445 1374 484 vetuisti.
1433 447 1486 483 At
1507 452 1534 488 9

156 511 370 560 quaerebat
407 510 526 551 etiam
564 513 684 563 paulo
715 520 806 550 ante
840 512 891 550 de
925 525 987 549 me
1023 511 1118 561 quid
1152 525 1224 550 suo
1257 510 1352 549 mihi
1386 525 1486 561 opus

156 575 293 615 fuisset
324 576 496 626 auxilio3
540 591 609 616 cur
641 591 722 615 non
756 576 853 615 meis
892 576 1058 614 inimicis
1091 576 1188 615 meis
1226 576 1348 626 copiis
1382 575 1487 627 resti-

156 639 302 680 tissem.
360 641 485 692 Quasi
505 656 597 681 vero
618 656 698 680 non
721 643 842 681 modo
862 655 945 692 eg0,
969 641 1035 691 qui
1059 641 1190 680 multis
1208 654 1326 691 saepe
1343 641 1486 679 auxilio

156 706 307 755 fuerim,
339 708 410 747 sed
439 707 647 758 quisquam
678 715 757 745 tam
792 708 906 758 inops
940 706 1054 745 fuerit
1087 720 1276 757 umquam
1310 706 1377 757 qui
1411 706 1487 744 isto

156 785 236 810 non
275 773 398 811 modo
430 780 719 823 propugnatore
758 772 941 812 tutiorem
981 786 1022 811 se
1068 773 1138 811 Sed
1183 774 1376 811 advocato
1420 779 1487 810 aut

154 836 436 887 adstipulatore
464 837 698 888 paratiorem
728 839 810 876 fore
840 846 1003 888 putaret.
1064 840 1149 888 Ego
1179 837 1288 876 istius
1322 836 1485 888 pecudis

154 915 200 940 ac
220 901 381 952 putidae
402 904 527 941 carnis
549 902 714 941 consilio
731 902 878 942 scilicet
905 911 972 942 aut
986 902 1183 954 praesidio
1200 902 1269 940 niti
1290 903 1483 949 volebam,

153 967 204 1005 ab
233 967 311 1005 hoc
340 967 466 1006 eiecto
496 969 685 1006 cadavere
715 967 927 1018 quicquam
959 967 1055 1005 mihi
1085 975 1151 1006 aut
1178 967 1264 1018 opis
1290 976 1356 1006 aut
1376 981 1486 1006 orna-

155 1032 275 1071 menti
294 1033 536 1083 expetebam.
591 1034 807 1071 Consulem
825 1046 898 1083 ego
915 1040 998 1071 tum
1014 1034 1265 1083 quaerebam,
1281 1034 1484 1072 consulem

154 1096 325 1146 inquam,
344 1111 424 1136 non
446 1097 554 1136 illum
576 1097 737 1148 quidem
759 1111 878 1148 quem
900 1097 937 1135 in
961 1098 1036 1136 hoc
1058 1097 1185 1136 maiali
1209 1097 1382 1136 invenire
1404 1112 1483 1136 non

154 1174 321 1211 possem,
344 1162 411 1213 qui
432 1171 580 1201 tantam
602 1162 655 1201 rei
677 1163 858 1213 publicae
880 1177 1038 1201 causam
1059 1163 1245 1213 gravitate
1262 1170 1298 1201 et
1320 1163 1485 1201 consilio

152 1241 225 1265 suo
263 1235 444 1275 tueretur,
486 1229 555 1267 sed
590 1228 656 1278 qui
693 1236 893 1278 tamquam
926 1237 1086 1267 truncus
1125 1236 1244 1278 atque
1282 1228 1412 1278 stipes,
1452 1228 1484 1266 si

152 1292 321 1332 stetisset
352 1293 484 1339 modo,
509 1301 641 1343 posset
673 1293 865 1332 sustinere
895 1301 1027 1332 tamen
1059 1293 1214 1331 titulum
1245 1295 1481 1332 consulatus.

154 1360 256 1397 Cum
278 1357 385 1396 enim
405 1365 508 1397 esset
528 1357 656 1396 omnis
673 1372 792 1397 causa
807 1358 872 1396 illa
889 1372 975 1397 mea
992 1358 1205 1397 consularis
1224 1366 1261 1397 et
1278 1358 1484 1406 senatoria,

152 1423 297 1461 auxilio
327 1422 422 1461 mihi
456 1437 556 1473 opus
588 1424 710 1462 fuerat
745 1431 783 1461 et
814 1423 986 1461 consulis
1021 1431 1058 1461 et
1092 1431 1273 1471 senatus3
1317 1437 1483 1472 quorum

150 1490 316 1527 alterum
345 1487 462 1527 etiam
493 1489 543 1526 ad
573 1488 787 1539 perniciem
816 1502 943 1527 meam
972 1496 1051 1527 erat
1076 1502 1098 1526 a
1121 1488 1232 1527 vobis
1257 1488 1484 1527 consulibus

150 1566 396 1596 conversum,
413 1555 581 1593 alterum
595 1553 649 1592 rei
666 1553 848 1604 publicae
866 1553 1020 1603 penitus
1037 1561 1223 1603 ereptum.
1266 1554 1324 1591 Ac
1339 1561 1481 1599 tamen,

151 1618 181 1656 si
215 1618 424 1657 consilium
459 1618 630 1670 exquiris
666 1633 810 1667 meum,
844 1633 973 1668 neque
1008 1633 1081 1668 ego
1115 1618 1318 1657 cessissem
1349 1626 1386 1657 et
1421 1633 1483 1657 mc

152 1684 235 1734 ipsa
263 1698 336 1723 suo
363 1686 571 1735 complexu
600 1684 724 1734 patria
754 1683 954 1730 tenuisset,
978 1683 1007 1722 si
1038 1683 1131 1721 mihi
1154 1697 1243 1722 cum
1267 1683 1331 1721 illo
1352 1684 1483 1722 bustu-

95 1766 107 1786 ι
151 1749 233 1787 ario
252 1749 467 1800 gladiatore
494 1758 532 1788 ct
561 1757 692 1789 tecum
719 1757 759 1789 et
788 1763 877 1789 cum
911 1750 1073 1799 conlega
1104 1756 1170 1787 tuo
1200 1750 1481 1788 decertandum

152 1814 296 1853 fuisset.
358 1815 446 1853 Alia
478 1815 583 1854 enim
617 1829 735 1854 causa
771 1814 1091 1865 praestantissimi
1124 1814 1202 1862 viri,
1236 1816 1283 1863 Q.
1319 1814 1481 1861 Metelli,

153 1878 234 1925 fuit,
258 1893 375 1930 quem
399 1894 472 1930 ego
495 1880 618 1919 civem
640 1879 893 1918 meoiudicio
910 1892 1000 1917 cum
1018 1880 1181 1918 deorum
1204 1878 1481 1918 immortalium

152 1945 268 1984 laude
290 1946 488 1995 coniungo
506 1959 514 1992 3
544 1945 611 1995 qui
629 1946 672 1984 C.
698 1944 749 1982 illi
775 1944 913 1991 Mario,
939 1944 1150 1982 fortissimo
1170 1945 1252 1982 viro
1272 1951 1311 1983 et
1331 1945 1482 1983 consuli

200 2059 211 2078 1
240 2049 418 2088 potcstatis
436 2049 574 2080 l11'cl1ah.
593 2048 663 2086 PE,
678 2053 753 2089 post
769 2054 844 2079 tuae
861 2052 925 2079 ccll.
946 2060 952 2079 :
977 2048 1035 2079 del.
1058 2048 1197 2087 „lladvtgg
1315 2048 1406 2089 tuae]
1426 2054 1481 2078 tua

155 2092 294 2132 ,llndwjg
423 2104 442 2122 2
466 2097 500 2123 ct
517 2103 633 2123 omncs
650 2093 701 2123 P:
725 2104 789 2123 om.
811 2096 873 2123 fell.
998 2102 1018 2130 9
1047 2091 1163 2121 fuerim
1183 2092 1230 2121 P:
1257 2091 1394 2122 fuissem
1412 2095 1478 2122 cclt.

160 2146 194 2165 ις.»
220 2136 372 2175 putridae
389 2136 450 2167 E‘?
551 2136 642 2167 canis
658 2135 743 2175 Lag.
760 2147 789 2175 9,
811 2136 916 2166 Faber
1014 2135 1164 2165 volebam
1184 2135 1242 2164 niti
1262 2134 1294 2164 l)
1443 2145 1479 2173 14

153 2179 372 2219 expectabam
390 2179 478 2210 sz‘
580 2180 780 2219 quaerebam
799 2179 848 2210 P:
875 2178 1081 2217 requirebam
1099 2181 1162 2208 cell.
1312 2187 1345 2216 15
1371 2178 1478 2209 maiali

154 2222 191 2255 P.
214 2222 359 2253 Isidorus
379 2222 484 2263 Orr'gg
512 2223 540 2253 ii.
559 2234 610 2261 3ο,
629 2233 645 2260 4
666 2234 672 2253 :
696 2223 829 2254 animali
848 2225 912 2253 cell.
1049 2232 1091 2251 ρο
1115 2221 1260 2251 consulis
1277 2221 1376 2252 I'c2'k:
1402 2233 1477 2252 con-

153 2266 261 2296 sulum
280 2265 331 2295 E:
361 2276 445 2297 coss.
470 2274 568 2306 ¹cos.)
587 2270 651 2297 cell.
806 2276 845 2304 24
872 2276 946 2297 cum
965 2265 1075 2296 clodio
1094 2265 1148 2295 illo
1166 2264 1284 2305 Ec><¹5
1439 2274 1480 2304 25

153 2308 244 2350 cum]
264 2319 336 2340 cum
354 2309 487 2349 gabinio
504 2309 537 2340 P

1510 850 1546 882 19

1507 1830 1543 1851 20
