1716 2662
373 64 485 103 PRO
517 66 558 103 P.
592 65 872 113 QVINCTIO
903 65 1120 104 ORATIO
1370 79 1405 105 11
1431 74 1470 113 38

76 173 116 212 in
151 186 192 212 re
222 172 400 212 familiari
436 172 580 218 fuisset,
619 172 705 222 quis
736 180 814 210 tam
848 175 1067 223 neglegens,
1102 175 1188 225 quis
1223 184 1301 214 tam
1337 177 1402 221 tui,

77 238 203 286 Sexte,
235 237 435 277 dissimilis
464 237 544 287 qui,
573 250 663 275 cum
699 249 757 276 res
787 238 837 275 ab
874 251 921 277 eo
952 240 1112 289 quicum
1152 242 1405 280 contraxisset

74 303 298 343 recessisset
327 311 365 341 et
394 303 445 341 ad
475 303 659 340 heredem
692 303 944 353 pervenisset,
974 318 1054 343 non
1085 306 1285 353 heredem,
1316 319 1405 345 cum

73 368 244 419 primum
283 367 454 414 Vidisset,
497 367 702 406 certiorem
745 368 897 415 faceret,
943 371 1166 419 appellaret,
1214 371 1405 411 rationem

36 450 52 481 5
73 435 251 481 adferret,
274 433 305 471 si
328 433 423 483 quid
449 432 489 470 in
511 432 817 471 controversiam
840 433 999 481 veniret,
1021 442 1089 473 aut
1113 435 1212 474 intra
1239 436 1405 486 parietes

72 507 139 537 aut
167 511 323 537 summo
345 498 426 536 iure
454 497 720 547 experiretur?
778 499 890 536 Itane
920 501 1008 538 est?
1038 501 1145 549 quod
1167 500 1235 538 viri
1265 501 1403 551 optimi

71 563 233 611 faciunt,
272 563 302 601 si
343 563 408 612 qui
450 575 542 600 suos
573 562 818 612 propinquos
857 577 902 601 ac
936 565 1177 603 necessarios
1218 579 1327 604 caros
1366 575 1404 606 ct

72 630 261 667 honestos
301 643 386 667 esse
417 635 536 677 atque
570 628 704 666 haberi
739 630 886 676 volunt,
923 629 961 667 id
997 631 1081 668 Sex.
1118 631 1290 669 Naevius
1322 646 1401 671 non

71 694 224 741 faceret,
258 693 325 743 qui
360 706 485 742 usque
520 705 568 731 eo
599 694 720 731 fervet
750 694 948 744 ferturque
979 694 1139 733 avaritia
1173 704 1215 734 ut
1244 698 1294 735 de
1323 698 1402 736 suis

15 777 51 798 10
70 759 294 798 commodis
341 758 513 809 aliquam
559 766 709 808 partem
759 758 849 797 velit
898 760 1145 799 committere
1190 776 1238 801 ne
1282 777 1400 813 quam

69 831 219 874 partem
259 823 352 862 huic
389 823 613 874 propinquo
653 836 725 861 suo
765 823 879 862 ullius
919 826 1139 864 ornamenti
1179 827 1402 877 relinquat?

69 897 106 927 et
142 889 172 927 is
207 888 430 940 pecuniam,
462 888 492 926 si
523 902 599 938 qua
634 889 852 936 deberetur,
891 903 970 927 non
1001 898 1149 940 peteret
1180 892 1256 942 qui,
1294 893 1396 943 quia,
1425 911 1462 943 ,τ-,9

69 955 178 1004 quod
222 954 400 992 debitum
445 967 662 1004 numquam
706 961 777 1001 est,
821 954 861 992 id
904 956 1040 994 datum
1084 970 1164 994 non
1209 965 1279 1005 est,
1318 972 1397 997 non

69 1019 277 1069 pecuniam
300 1020 421 1058 modo
442 1032 576 1057 verum
598 1019 715 1057 etiarn
743 1019 914 1057 hominis
935 1021 1145 1071 propinqui
1167 1023 1398 1072 sanguinem

13 1101 47 1132 15
69 1084 269 1134 vitamque
296 1084 444 1134 eripere
473 1086 667 1123 conatur?
724 1083 830 1123 Huic
860 1093 943 1123 turn
972 1087 1159 1125 molestus
1186 1101 1270 1126 esse
1295 1088 1400 1127 vidc-

68 1149 158 1188 licet
188 1149 347 1188 noluisti
375 1162 493 1199 quem
523 1163 630 1187 nunc
655 1149 841 1200 respirare
869 1150 989 1189 libere
1018 1165 1099 1190 non
1127 1152 1220 1191 sinis
1234 1168 1244 1202 3
1279 1167 1398 1204 quem

66 1228 173 1253 nunc
201 1215 417 1253 interficere
444 1214 588 1253 nefarie
609 1215 731 1265 cupis,
754 1229 844 1254 eum
873 1223 954 1254 tum
984 1218 1177 1267 pudenter
1202 1220 1398 1269 appellare

66 1281 239 1319 nolebas.
314 1282 375 1319 Ita
413 1281 560 1328 credo3
607 1280 810 1319 hominem
854 1281 1132 1332 propinquum,
1176 1283 1230 1321 tui
1268 1283 1397 1322 obser-

66 1354 238 1394 vantem,
267 1347 392 1384 virum
427 1346 589 1393 bonum,
620 1347 849 1396 pudentem,
882 1347 1071 1386 maiorem
1106 1356 1201 1387 natu
1232 1349 1394 1388 nolebas

7 1429 48 1452 20
65 1418 133 1449 aut
171 1424 251 1450 non
289 1410 464 1450 audebas
502 1413 723 1461 appellare,
767 1425 894 1462 saepe,
930 1420 972 1451 ut
1011 1414 1063 1460 fit,
1105 1427 1196 1452 cum
1235 1414 1318 1464 ipse
1356 1422 1394 1453 te

65 1477 349 1523 confirmasses,
373 1489 464 1514 cum
495 1476 694 1515 statuisses
724 1477 967 1516 mentionem
989 1479 1039 1516 de
1060 1478 1228 1529 pecunia
1255 1480 1391 1527 facere,

65 1554 155 1579 cum
182 1548 338 1590 paratus
369 1541 660 1591 meditatusque
681 1541 863 1589 venisses,
888 1544 1009 1581 homo
1037 1543 1197 1582 timidus
1219 1543 1392 1594 virginali

64 1606 301 1645 verecundia
339 1606 470 1645 subito
515 1606 598 1657 ipse
637 1614 675 1645 te
717 1606 936 1655 retinebas3
983 1608 1189 1648 excidebat
1232 1618 1393 1660 repente

65 1671 214 1719 orati03
256 1686 347 1710 cum
386 1686 549 1723 cuperes
582 1674 790 1723 appellare,
825 1686 905 1712 non
944 1674 1130 1721 audebas,
1164 1688 1214 1713 ne
1247 1674 1390 1714 invitus

7 1753 42 1785 25
64 1737 226 1776 audiret.
287 1739 335 1777 Id
363 1747 443 1777 erat
473 1741 658 1789 profecto.
720 1740 937 1778 Credamus
959 1741 1046 1786 hoc,
1069 1742 1155 1779 Sex.
1182 1741 1388 1789 Naevium,

64 1802 174 1840 cuius
191 1811 307 1852 caput
328 1812 540 1854 oppugnet,
561 1804 642 1842 cius
663 1803 821 1842 auribus
844 1804 1074 1853 pepercisse.
1122 1805 1160 1843 Si
1177 1805 1388 1853 debuisset,

63 1868 188 1914 Sexte,
228 1867 402 1917 petisses,
439 1876 477 1907 et
514 1869 678 1919 petisses
717 1869 873 1916 statim3
917 1869 946 1907 si
981 1882 1059 1907 non
1095 1869 1235 1917 statim,
1273 1873 1390 1921 paulo

62 1932 223 1982 quidem
251 1942 364 1984 post,
393 1934 423 1972 si
451 1948 531 1973 non
557 1937 690 1985 pauIO,
708 1943 748 1973 at
779 1935 1007 1985 aliquanto,
1038 1949 1103 1973 sex
1131 1935 1291 1985 quidem
1317 1936 1390 1974 illis

62 1997 264 2036 mensibus
285 2000 485 2049 profecto;
514 2013 620 2038 anno
642 2007 815 2038 vertente
840 2000 923 2038 sinc
946 2000 1219 2038 controversia.
1270 2003 1390 2039 Anno

1413 1728 1454 1755 12

1411 1790 1452 1818 40

105 2111 122 2140 7
148 2101 255 2133 claros
271 2102 444 2134 Hotoman
559 2115 580 2144 9
604 2104 709 2135 fervet
726 2103 780 2135 ΣὸῙ
798 2116 804 2135 z
830 2105 952 2136 ferbuit
969 2108 1033 2136 cell.
1161 2113 1199 2135 10
1223 2104 1302 2135 velit
1318 2109 1388 2144 Σχε

62 2145 146 2176 nolit
169 2149 236 2177 cett.
340 2147 554 2178 committere
579 2151 624 2179 E:
649 2148 827 2179 obmittere
852 2148 890 2178 h:
917 2148 1069 2179 amittere
1094 2158 1156 2186 εχε
1189 2148 1345 2178 omittere
1368 2149 1389 2178 k

64 2197 101 2227 17
125 2193 196 2220 tum
211 2188 402 2230 Naugerius
421 2189 468 2231 (1)
487 2201 494 2221 z
526 2196 637 2222 tamen
656 2195 700 2222 Σε
729 2196 764 2222 tu
779 2195 847 2223 ceu.
967 2192 1180 2231 impudenter
1196 2191 1214 2220 b
1235 2201 1314 2231 mg,
1333 2191 1389 2230 x‘?

64 2239 104 2270 19
126 2233 325 2271 prudentem
342 2232 407 2265 11¹5·
498 2244 536 2265 21
564 2234 606 2265 de
624 2235 766 2274 pecunia
785 2235 991 2266 mentionem
1011 2246 1034 2274 χ
1124 2245 1163 2273 27
1190 2239 1222 2265 et
1241 2234 1387 2274 petisses

61 2272 103 2314 B,
123 2275 223 2307 Klots
241 2288 248 2308 :
271 2277 299 2307 si
317 2277 461 2316 petisses
476 2277 533 2310 Ebl
551 2289 559 2309 :
582 2288 645 2311 om.
672 2282 736 2310 cett.
843 2280 884 2309 28
909 2278 1078 2318 aliquanto
1095 2277 1183 2310 codd.
1204 2277 1385 2309 Lambini:

59 2317 238 2359 aliquando
259 2321 325 2362 <alst
343 2323 379 2362 Σ)
401 2322 465 2352 mei
