1747 2620
160 74 205 111 14
229 79 268 110 35
602 65 658 103 M.
691 64 858 101 TVLLI
891 63 1199 104 CICERONIS

161 513 203 554 36

224 177 423 217 infinitum
457 185 524 225 est,
557 190 636 228 quo
671 185 709 216 et
744 190 861 227 regna
892 178 1026 215 omnia
1064 184 1101 215 et
1137 184 1308 216 vestrum
1338 176 1564 227 imperium,->

225 244 336 294 quod
359 242 546 281 latissime
567 250 684 292 patet,
701 250 739 280 et
761 255 805 280 ea
822 255 923 291 quae
939 242 1079 292 partim
1101 241 1222 279 libera
1243 255 1265 279 a
1281 241 1402 291 vobis,
1420 241 1562 292 partim

227 309 344 348 etiam
366 309 542 358 ignorata
562 307 674 347 vobis
696 315 796 356 sunt,
820 307 1011 358 permissu
1033 308 1127 358 legis
1148 308 1410 347 continentur.

282 376 407 413 Datur
436 373 550 423 igitur
579 373 634 411 eis
664 373 834 423 primum
864 380 907 411 ut
936 373 1050 412 liceat
1079 387 1125 412 ea
1153 375 1323 412 vendere
1351 373 1484 412 onmia
1511 374 1561 412 de

226 438 370 489 quibus
391 438 610 477 vendendis
632 446 790 476 senatus
812 431 991 477 consulta
1012 440 1114 477 facta
1135 446 1225 477 sunt
1248 440 1303 478 M.
1326 439 1459 477 Tullio
1485 440 1557 478 Cn.
1582 458 1599 490 5

225 505 412 545 Cornelio
435 504 665 543 consulibus
686 512 820 554 postve
840 518 895 543 ea.
957 505 1037 544 Cur
1065 506 1140 543 hoc
1168 512 1248 544 tam
1269 513 1326 544 est
1349 506 1560 558 obscurum

221 578 340 621 atque
380 572 576 609 caecum?
634 569 776 619 Quid?
832 570 904 608 ista
943 570 1077 609 omnia
1120 571 1171 609 de
1215 559 1362 620 quibus'
1402 578 1560 610 senatus

221 635 373 674 censuit:
398 634 632 674 nominatim
654 634 694 672 in
714 636 800 685 lege
820 634 1007 685 perscribi
1023 648 1157 674 nonne
1172 638 1408 686 potuerunt?
1447 638 1561 676 Duae

221 708 312 740 sunt
332 700 448 739 huius
472 699 721 738 obscuritatis
743 713 894 747 causae,
919 700 1103 750 Quirites,
1126 714 1206 739 una
1225 700 1397 751 pudoris,
1421 701 1451 739 si
1472 702 1560 752 quis

221 766 348 815 pudor
369 779 454 804 esse
482 772 612 816 potest
634 764 673 802 in
701 772 782 803 tam
803 764 945 815 insigni
970 765 1226 815 impudentia,
1250 767 1370 805 altera
1389 767 1556 806 sceleris.
1583 783 1618 804 10

222 832 326 869 Nam
357 844 487 881 neque
518 844 564 869 ea
591 843 693 881 quae
721 837 880 868 senatus
907 831 1118 868 vendenda
1144 830 1297 869 censuit
1324 831 1557 870 nominatim

220 898 339 935 audet
361 897 557 946 appellare
574 912 584 944 ς
615 904 705 934 sunt
735 896 841 935 enim
870 897 957 934 loca
983 896 1142 946 publica
1164 897 1282 944 urbis,
1306 905 1395 936 sunt
1416 900 1558 937 sacella

221 975 323 1013 quae
352 969 441 1012 post
472 962 689 1001 restitutam
723 961 973 1000 tribuniciam
1004 969 1240 1012 potestatem
1270 976 1389 1001 nemo
1418 963 1554 1013 attigit,

221 1041 322 1078 quae
352 1027 519 1066 maiores
552 1027 590 1065 in
623 1028 719 1066 urbe
740 1029 894 1078 parlim
916 1017 1140 1066 ornamenla
1162 1029 1278 1075 urbis,
1300 1028 1439 1078 partim
1460 1029 1557 1078 peri-

221 1094 297 1131 culi
332 1092 506 1143 perfugia
543 1106 629 1131 esse
649 1094 866 1131 voluerunt.
944 1094 1058 1131 Haec
1096 1094 1182 1143 lege
1214 1093 1423 1132 tribunicia
1456 1094 1615 1143 xviri15

220 1159 403 1197 vendent.
463 1160 640 1197 Accedet
676 1172 723 1197 eo
765 1172 879 1196 mons
914 1161 1080 1205 Gaurus,
1113 1160 1305 1197 accedent
1338 1158 1472 1198 salicta
1504 1161 1556 1198 ad

222 1224 455 1272 Minturnas,
479 1224 713 1274 adiungetur
743 1224 860 1263 etiam
891 1224 956 1262 illa
982 1224 1043 1263 via
1070 1224 1278 1263 vendibilis
1306 1226 1557 1263 Herculanea

220 1291 430 1328 multarum
466 1290 695 1328 deliciarum
731 1297 770 1328 et
811 1303 976 1340 magnae
1014 1289 1216 1340 pecuniae,
1252 1291 1445 1340 permulta
1481 1290 1557 1328 alia

219 1369 320 1406 quae
355 1363 512 1394 senatus
549 1363 706 1406 propter
747 1355 945 1405 angustias
983 1355 1104 1393 aerari
1142 1356 1352 1394 vendenda
1389 1355 1553 1403 censuit,

220 1423 400 1460 consules
431 1428 590 1472 propter
622 1420 811 1459 invidiam
842 1433 924 1459 non
952 1420 1224 1460 vendiderunt.
1281 1421 1430 1460 Verum
1457 1422 1555 1460 haec
1576 1438 1617 1459 20

219 1488 380 1526 fortasse
421 1494 578 1537 propter
621 1487 813 1536 pudorem
853 1485 894 1524 in
933 1487 1018 1536 lege
1056 1487 1275 1525 reticentur.
1346 1488 1425 1525 Sed
1458 1486 1554 1525 illud

220 1554 340 1603 magis
375 1560 432 1591 est
466 1552 711 1591 credendum
745 1559 783 1589 et
822 1551 1182 1602 pertimescendum
1221 1553 1330 1602 quod
1367 1552 1556 1591 audaciae

219 1618 355 1657 xvirali
391 1618 770 1668 corrumpendarum
809 1617 1032 1655 tabularum
1070 1617 1315 1666 publicarum
1354 1619 1555 1668 fingendo-

219 1697 383 1733 rumque
418 1690 577 1722 senatus
615 1679 899 1733 consultorumj
936 1695 1039 1732 quae
1073 1683 1173 1720 facta
1211 1696 1429 1732 numquam
1464 1683 1552 1730 sint,

218 1763 308 1786 cum
330 1762 375 1787 ex
396 1761 444 1786 eo
466 1761 631 1786 numero
655 1747 722 1797 qui
743 1760 812 1797 per
832 1760 900 1785 eos
920 1760 1046 1785 annos
1067 1749 1249 1786 consules
1266 1749 1421 1787 fuerunt
1442 1749 1552 1787 multi
1573 1768 1587 1789 2
1593 1767 1611 1799 5

221 1814 361 1852 mortui
396 1814 483 1860 sint,
519 1826 660 1863 magna
697 1819 871 1863 potestas
906 1812 1151 1863 permittitur.
1210 1813 1297 1851 Nisi
1329 1814 1427 1852 forte
1456 1814 1552 1853 nihil

267 1929 279 1948 1
306 1923 451 1949 vestrum
471 1917 648 1958 imperium
669 1917 760 1948 Een:
787 1916 965 1957 imperium
986 1922 1135 1948 vestrum
1152 1921 1216 1948 (cll.
1403 1929 1421 1948 2
1444 1920 1552 1957 quoad

219 1962 350 1993 Richter
517 1973 537 2002 3
564 1963 678 2002 ignota
697 1961 806 2002 Lagg.
829 1972 855 2001 1,
874 1972 903 2001 7,
924 1960 1065 2002 Madwg
1229 1973 1248 2000 4
1273 1972 1312 1992 ea
1330 1961 1393 1993 Ee:
1420 1962 1469 1992 eis
1485 1967 1551 1994 cell.

218 2016 237 2045 5
262 2007 329 2037 sint
347 2006 479 2036 Ernesti
621 2007 642 2035 6
666 2015 721 2037 -ve
735 2005 843 2045 suppl.
863 2005 995 2036 Richter
1095 2010 1148 2036 est
1161 2009 1228 2035 tam
1247 2005 1279 2034 E
1433 2017 1472 2036 10
1494 2006 1554 2036 im-

218 2050 396 2089 prudentia
415 2048 536 2079 EeM¹s
714 2059 748 2079 11
779 2049 975 2079 nominatim
996 2053 1070 2079 ante
1085 2049 1266 2079 vendenda
1283 2049 1356 2080 hab.
1372 2048 1474 2088 codd„
1490 2049 1557 2081 lmc

218 2098 380 2134 tran-spos
400 2093 570 2124 Schwartz
732 2103 770 2131 13
795 2093 929 2131 attingit
945 2092 991 2123 Ee
1153 2102 1191 2131 14
1214 2093 1333 2131 partim
1353 2099 1554 2125 ornamenta

219 2138 311 2168 urbis
327 2139 476 2179 supplevi
489 2138 564 2176 (lzoc
578 2138 653 2173 loco,
672 2136 791 2176 sicfere
802 2140 879 2176 post
895 2136 1045 2175 perfugia
1065 2135 1265 2176 Lambinus)
1354 2138 1392 2165 16
1415 2137 1553 2167 accedet

218 2180 401 2221 Angelius:
428 2181 561 2212 accedit
580 2179 668 2211 codd.
782 2181 944 2210 accedunt
964 2179 1046 2218 Lag.
1069 2190 1090 2217 9
1225 2190 1261 2218 17
1288 2180 1405 2220 etiam]
1423 2185 1456 2210 et
1473 2179 1554 2212 ENe

220 2224 438 2256 Herculanea
457 2225 521 2264 ><kz
550 2222 781 2254 Hereulentca
800 2221 934 2253 EeM¹w¹
954 2235 961 2253 :
987 2222 1219 2253 Herculantea
1237 2227 1301 2255 cett.
1415 2233 1456 2252 22
1479 2233 1551 2254 cre-

218 2268 381 2309 dendum]
403 2269 590 2299 cavendum
605 2267 637 2308 k,
654 2266 844 2298 Lambinus
933 2276 973 2304 24
1000 2275 1169 2304 nunquam
1188 2265 1272 2296 sacta
1290 2266 1322 2296 E
1408 2268 1450 2296 26
1474 2272 1551 2298 sunt

216 2310 305 2342 codd.
322 2322 329 2342 z
356 2322 436 2344 corr.
457 2311 597 2352 Aladvljg
684 2310 890 2352 permittitur
908 2313 1058 2350 potestas
1074 2307 1108 2339 E
