1716 2662
618 71 939 111 PRAEFATIO

117 181 220 222 Cum
258 187 389 219 autem
424 180 512 219 cod.
546 180 571 217 k
604 192 709 218 anno
748 192 846 229 1459
887 187 1063 219 exaratus
1099 180 1156 229 sit,
1193 187 1300 232 patet
1337 182 1440 221 hanc

116 245 314 295 ingentem
341 245 653 282 coniecturarum
681 234 1105 294 farraginem—omnes
1132 246 1235 285 enim
1259 249 1439 285 emenda-

117 310 212 348 tioni
234 308 368 347 deberi
389 308 638 358 perspicuum
660 316 865 347 est—ante
891 310 966 347 hoc
988 317 1141 360 tempus
1163 313 1439 349 concinnatam

116 387 212 413 esse.
246 375 373 412 Tanta
391 381 471 411 erat
490 373 597 412 Italis
614 373 815 421 industria,
832 382 910 412 tam
928 374 1017 412 felix
1032 376 1207 425 audacia,
1224 389 1325 426 quae
1343 378 1440 414 intra

116 441 188 477 hos
222 451 369 488 paucos
403 451 528 476 annos
560 445 711 476 tantum
747 438 921 487 profecit.
987 441 1090 478 Nam
1125 448 1213 490 post
1248 441 1440 479 editiones

116 505 309 541 Venetam
329 510 367 541 et
390 504 612 541 Romanam
633 501 733 552 typis
755 503 960 552 impressas
982 504 1241 553 paucissimae
1258 507 1441 544 emenda-

116 568 242 607 tiones
264 568 389 605 factae
409 574 499 606 sunt
519 580 644 617 usque
665 568 715 605 ad
737 566 948 617 Angelium
970 575 1007 606 et
1032 569 1282 619 Naugerium,
1306 570 1372 620 qui
1394 583 1440 607 ex

118 633 193 671 hoc
225 632 311 683 ipso
346 633 453 671 fonte
485 633 660 670 hortulos
695 645 785 670 suos
818 631 1038 682 irrigabant.
1097 633 1247 673 Priores
1280 634 1440 685 quidem

117 697 184 747 qui
200 698 356 736 codices
380 698 492 736 MSS.
512 704 665 735 tantum
686 696 916 744 tractabant,
936 710 1027 735 cum
1049 700 1283 737 mendorum
1305 712 1441 737 causas

118 763 220 800 bene
242 761 519 811 intellegerent,
543 760 729 800 audacius
754 775 812 800 res
837 762 1028 811 agebant:
1061 763 1225 813 posteris
1246 763 1440 813 religionis

117 826 266 876 aliquid
300 825 433 864 iniecit
466 825 592 864 littera
624 825 723 875 typis
756 826 953 875 impressa.
1026 828 1085 864 Ex
1117 829 1259 866 eodem
1292 841 1370 877 quo
1401 828 1442 865 ck

119 893 226 930 fonte
246 890 407 930 deducti
432 898 523 929 sunt
547 890 611 928 alii
639 890 737 939 libri,
760 892 864 929 velut
891 891 954 930 ille
977 894 1109 930 ‘vetus
1136 893 1282 931 codex’
1304 894 1443 930 Laure-

118 956 211 995 dani
245 956 285 994 in
319 955 560 994 orationibus
595 963 731 994 contra
767 957 940 1002 Rullum,
964 959 1097 996 ‘vetus
1127 957 1245 996 liber’
1267 957 1441 995 Turnebi

120 1022 158 1060 in
188 1023 362 1060 oratione
392 1034 461 1072 pro
492 1021 655 1060 Rabirio
687 1024 887 1069 Postumo,
914 1036 1033 1072 quem
1063 1024 1234 1062 eundem
1265 1037 1349 1061 esse
1379 1036 1443 1062 su-

119 1087 246 1137 spicor
272 1094 389 1136 atque
415 1085 594 1125 codicem
622 1087 658 1125 S.
684 1085 887 1136 Dionysii¹
908 1100 1026 1137 quern
1052 1080 1185 1126 laudat
1211 1087 1439 1135 Lambinus,

119 1153 243 1191 codex
263 1151 434 1201 denique
456 1150 704 1199 Francianus‚
727 1165 807 1201 quo
828 1165 920 1190 usus
942 1159 1000 1191 est
1021 1152 1223 1192 Graevius.

175 1216 251 1255 His
271 1216 568 1267 quaestionibus
595 1216 785 1255 absolutis
811 1216 911 1256 inter
936 1217 1094 1257 codices
1119 1231 1218 1268 quos
1249 1218 1444 1257 habemus

120 1281 321 1320 contentio
351 1282 546 1331 quaedam
577 1281 776 1331 dignitatis
807 1283 883 1321 fiat.
946 1283 994 1321 In
1015 1282 1254 1332 Quinctiana
1281 1282 1444 1333 particu-

120 1347 197 1384 lam
227 1345 418 1384 habemus
449 1346 695 1395 Palimpsesti
720 1345 802 1398 (P),
827 1346 867 1385 in
897 1346 1074 1386 oratione
1103 1361 1173 1398 pro
1204 1349 1444 1386 Flacco-ut

122 1412 170 1449 de
198 1410 421 1460 fragmentis
451 1411 742 1450 Mediolanensi
768 1419 806 1451 et
833 1412 1134 1462 Peutingeriano
1164 1412 1442 1451 sileam—cod.

123 1475 357 1513 Vaticanum
399 1473 490 1526 (V),
531 1477 597 1525 qui
646 1484 796 1525 partem
838 1484 991 1515 tanturn
1031 1477 1216 1515 orationis
1256 1477 1445 1526 continet,

122 1539 378 1578 Scholiastam
417 1540 589 1590 denique
630 1540 880 1580 Bobiensem.
941 1543 1003 1580 De
1041 1541 1224 1580 codicum
1263 1544 1305 1580 P
1337 1550 1375 1580 et
1417 1543 1450 1579 V

123 1603 353 1654 principatu,
390 1605 456 1643 ubi
490 1613 652 1652 exstant,
686 1605 817 1644 dicere
851 1619 931 1644 non
967 1619 1127 1645 necesse
1161 1614 1231 1646 est.
1291 1609 1446 1645 Praeter

123 1670 195 1707 hos
216 1668 311 1707 nihil
332 1670 523 1708 habemus
548 1669 621 1708 nisi
649 1671 748 1709 duos
776 1672 904 1710 fontes
933 1672 1016 1713 ΣΒ.
1075 1673 1133 1709 Ex
1155 1672 1213 1710 his
1234 1671 1394 1722 quidem
1417 1674 1445 1714 Σ

124 1735 277 1772 mendis
312 1734 606 1773 refertissimum
642 1748 727 1775 esse
762 1749 842 1774 non
877 1749 1005 1786 nego,-
1046 1749 1208 1774 manum
1242 1736 1446 1787 interpola-

124 1798 259 1837 tricem
287 1812 367 1838 non
393 1813 588 1850 agnosco:
624 1800 884 1840 correctiones
914 1802 1064 1851 aliquot
1091 1801 1262 1851 insignes
1287 1803 1447 1852 praebet

124 1865 174 1910 B,
197 1866 266 1903 sed
295 1866 363 1903 has
390 1866 440 1903 ab
467 1865 630 1905 homine
656 1867 756 1904 Italo
777 1866 988 1917 exscriptas
1010 1879 1095 1906 esse
1115 1880 1195 1905 non
1217 1867 1447 1907 obliviscen-

125 1930 220 1968 dum
241 1937 309 1968 est.
369 1931 473 1969 Illud
507 1930 624 1970 etiam
663 1932 884 1970 cavendum
923 1939 981 1970 est
1015 1945 1065 1971 ne
1099 1931 1242 1970 librarii
1277 1932 1343 1982 qui
1377 1934 1446 1971 has

125 1993 312 2033 lectiones
355 1995 555 2045 exscripsit
594 1995 748 2034 silentio
783 1997 1012 2036 credamus:
1062 1998 1184 2035 multa
1217 1997 1321 2035 enim
1356 2011 1446 2036 eum

127 2059 305 2098 fefellisse
325 2059 403 2099 veri
423 2060 548 2099 simile
569 2069 637 2099 est.
697 2062 756 2099 Ex
776 2062 805 2103 Σ
826 2060 939 2111 igitur
959 2064 1038 2101 fere
1058 2064 1291 2112 pendemus,
1314 2075 1447 2113 quarn-

128 2136 182 2162 vis
203 2133 324 2163 invit1.

170 2210 181 2230 ¹
208 2211 396 2245 Lectiones.
417 2221 500 2251 quas
517 2222 554 2242 se
572 2222 590 2242 e
606 2222 668 2243 suo
684 2217 800 2244 vetere
818 2213 900 2244 libro
917 2213 1060 2244 traxisse
1077 2213 1110 2244 in
1125 2213 1336 2244 Adversariis
1357 2223 1446 2244 asse-

129 2259 232 2293 verat,
267 2254 300 2284 in
331 2254 414 2285 libro
446 2255 536 2294 typis
567 2255 735 2294 impresso
768 2267 866 2296 quem
899 2257 933 2287 in
965 2257 1167 2288 bibliotheca
1198 2257 1303 2288 Paris.
1334 2256 1448 2288 inveni

129 2296 187 2338 (X.
209 2306 258 2337 17,
280 2297 355 2339 180)
372 2297 454 2338 siglo
471 2298 506 2328 D
522 2299 686 2339 designat.

756 2353 821 2392 xiii
