<?xml version="1.0" encoding="UTF-8"?>
<!DOCTYPE html PUBLIC "-//W3C//DTD XHTML 1.0 Transitional//EN"
    "http://www.w3.org/TR/xhtml1/DTD/xhtml1-transitional.dtd">
<html xmlns="http://www.w3.org/1999/xhtml" xml:lang="en" lang="en">
 <head>
  <title>
</title>
<meta http-equiv="Content-Type" content="text/html;charset=utf-8" />
  <meta name='ocr-system' content='tesseract 3.04.00' />
  <meta name='ocr-capabilities' content='ocr_page ocr_carea ocr_par ocr_line ocrx_word'/>
</head>
<body>
  <div class='ocr_page' id='page_1' title='image "./orationesrecogno04ciceuoft_0067.png"; bbox 0 0 1716 2662; ppageno 0'>
   <div class='ocr_carea' id='block_1_1' title="bbox 242 61 1443 111">
    <p class='ocr_par' dir='ltr' id='par_1_1' title="bbox 242 61 1443 111">
     <span class='ocr_line' id='line_1_1' title="bbox 242 61 1443 111; baseline 0 -11"><span class='ocrx_word' id='word_1_1' title='bbox 242 62 353 101; x_wconf 91' lang='lat' dir='ltr'>PRO</span> <span class='ocrx_word' id='word_1_2' title='bbox 383 62 433 111; x_wconf 86' lang='lat' dir='ltr'>Q.</span> <span class='ocrx_word' id='word_1_3' title='bbox 466 61 672 101; x_wconf 90' lang='lat' dir='ltr'><strong>ROSCIO</strong></span> <span class='ocrx_word' id='word_1_4' title='bbox 703 61 986 101; x_wconf 89' lang='lat' dir='ltr'><strong>COMOEDO</strong></span> <span class='ocrx_word' id='word_1_5' title='bbox 1016 62 1235 101; x_wconf 85' lang='lat' dir='ltr'><strong>ORATIO</strong></span> <span class='ocrx_word' id='word_1_6' title='bbox 1379 74 1403 101; x_wconf 88' lang='grc'><strong>2</strong></span> <span class='ocrx_word' id='word_1_7' title='bbox 1422 68 1443 99; x_wconf 92' lang='lat'><strong>6</strong></span> 
     </span>
    </p>
   </div>
   <div class='ocr_carea' id='block_1_2' title="bbox 15 169 1448 1920">
    <p class='ocr_par' dir='ltr' id='par_1_2' title="bbox 15 169 1448 1920">
     <span class='ocr_line' id='line_1_2' title="bbox 79 169 1406 217; baseline 0.002 -8"><span class='ocrx_word' id='word_1_8' title='bbox 79 184 170 209; x_wconf 88' lang='lat' dir='ltr'>nem</span> <span class='ocrx_word' id='word_1_9' title='bbox 200 183 440 217; x_wconf 84' lang='lat' dir='ltr'>conservare,</span> <span class='ocrx_word' id='word_1_10' title='bbox 474 169 687 209; x_wconf 81' lang='lat' dir='ltr'>memoriae</span> <span class='ocrx_word' id='word_1_11' title='bbox 716 171 868 209; x_wconf 82' lang='lat' dir='ltr'>tradere</span> <span class='ocrx_word' id='word_1_12' title='bbox 899 170 1111 209; x_wconf 89' lang='lat' dir='ltr'>litterarum</span> <span class='ocrx_word' id='word_1_13' title='bbox 1143 176 1406 212; x_wconf 81' lang='lat' dir='ltr'>vetustatem?</span> 
     </span>
     <span class='ocr_line' id='line_1_3' title="bbox 77 235 1405 286; baseline 0.002 -12"><span class='ocrx_word' id='word_1_14' title='bbox 77 237 156 275; x_wconf 86' lang='lat' dir='ltr'>Sed</span> <span class='ocrx_word' id='word_1_15' title='bbox 188 236 231 283; x_wconf 93' lang='lat' dir='ltr'>si,</span> <span class='ocrx_word' id='word_1_16' title='bbox 267 237 375 286; x_wconf 86' lang='lat' dir='ltr'>quod</span> <span class='ocrx_word' id='word_1_17' title='bbox 409 235 637 274; x_wconf 86' lang='lat' dir='ltr'>adversariis</span> <span class='ocrx_word' id='word_1_18' title='bbox 672 235 768 274; x_wconf 87' lang='lat' dir='ltr'>nihil</span> <span class='ocrx_word' id='word_1_19' title='bbox 803 235 1010 284; x_wconf 88' lang='lat' dir='ltr'>eredimus,</span> <span class='ocrx_word' id='word_1_20' title='bbox 1048 237 1195 276; x_wconf 89' lang='lat' dir='ltr'>idcirco</span> <span class='ocrx_word' id='word_1_21' title='bbox 1226 238 1405 277; x_wconf 84' lang='lat' dir='ltr'>codicem</span> 
     </span>
     <span class='ocr_line' id='line_1_4' title="bbox 77 300 1407 352; baseline 0.002 -13"><span class='ocrx_word' id='word_1_22' title='bbox 77 301 246 340; x_wconf 89' lang='lat' dir='ltr'>scribere</span> <span class='ocrx_word' id='word_1_23' title='bbox 273 300 522 347; x_wconf 81' lang='lat' dir='ltr'>instituimus,</span> <span class='ocrx_word' id='word_1_24' title='bbox 553 301 662 350; x_wconf 88' lang='lat' dir='ltr'>quod</span> <span class='ocrx_word' id='word_1_25' title='bbox 692 301 809 339; x_wconf 89' lang='lat' dir='ltr'>etiam</span> <span class='ocrx_word' id='word_1_26' title='bbox 841 303 947 352; x_wconf 87' lang='lat' dir='ltr'>apud</span> <span class='ocrx_word' id='word_1_27' title='bbox 977 301 1106 340; x_wconf 90' lang='lat' dir='ltr'>omnis</span> <span class='ocrx_word' id='word_1_28' title='bbox 1137 304 1221 342; x_wconf 86' lang='lat' dir='ltr'>leve</span> <span class='ocrx_word' id='word_1_29' title='bbox 1244 311 1283 342; x_wconf 94' lang='lat' dir='ltr'>et</span> <span class='ocrx_word' id='word_1_30' title='bbox 1306 303 1407 342; x_wconf 89' lang='lat' dir='ltr'>infir-</span> 
     </span>
     <span class='ocr_line' id='line_1_5' title="bbox 77 365 1406 416; baseline 0.003 -12"><span class='ocrx_word' id='word_1_31' title='bbox 77 380 185 404; x_wconf 90' lang='lat' dir='ltr'>mum</span> <span class='ocrx_word' id='word_1_32' title='bbox 207 374 275 413; x_wconf 85' lang='lat' dir='ltr'>est,</span> <span class='ocrx_word' id='word_1_33' title='bbox 299 366 338 404; x_wconf 93' lang='lat' dir='ltr'>id</span> <span class='ocrx_word' id='word_1_34' title='bbox 365 366 471 416; x_wconf 84' lang='lat' dir='ltr'>apud</span> <span class='ocrx_word' id='word_1_35' title='bbox 496 365 668 404; x_wconf 89' lang='lat' dir='ltr'>iudicem</span> <span class='ocrx_word' id='word_1_36' title='bbox 693 379 807 416; x_wconf 76' lang='lat' dir='ltr'>grave</span> <span class='ocrx_word' id='word_1_37' title='bbox 839 374 877 404; x_wconf 92' lang='lat' dir='ltr'>et</span> <span class='ocrx_word' id='word_1_38' title='bbox 898 375 1076 406; x_wconf 89' lang='lat' dir='ltr'>sanctum</span> <span class='ocrx_word' id='word_1_39' title='bbox 1103 381 1188 407; x_wconf 88' lang='lat' dir='ltr'>esse</span> <span class='ocrx_word' id='word_1_40' title='bbox 1212 369 1406 409; x_wconf 83' lang='lat' dir='ltr'>ducetur?</span> 
     </span>
     <span class='ocr_line' id='line_1_6' title="bbox 38 431 1443 484; baseline 0.002 -13"><span class='ocrx_word' id='word_1_41' title='bbox 38 441 54 472; x_wconf 91' lang='lat'>5</span> <span class='ocrx_word' id='word_1_42' title='bbox 77 431 185 480; x_wconf 86' lang='lat' dir='ltr'>Quid</span> <span class='ocrx_word' id='word_1_43' title='bbox 213 439 271 470; x_wconf 89' lang='lat' dir='ltr'>est</span> <span class='ocrx_word' id='word_1_44' title='bbox 297 432 406 481; x_wconf 84' lang='lat' dir='ltr'>quod</span> <span class='ocrx_word' id='word_1_45' title='bbox 436 432 685 481; x_wconf 82' lang='lat' dir='ltr'>neglegenter</span> <span class='ocrx_word' id='word_1_46' title='bbox 709 431 926 470; x_wconf 77' lang='lat' dir='ltr'>scribamus</span> <span class='ocrx_word' id='word_1_47' title='bbox 953 433 1202 472; x_wconf 87' lang='lat' dir='ltr'>adversaria?</span> <span class='ocrx_word' id='word_1_48' title='bbox 1230 433 1326 484; x_wconf 88' lang='lat' dir='ltr'>quid</span> <span class='ocrx_word' id='word_1_49' title='bbox 1348 443 1405 473; x_wconf 89' lang='lat' dir='ltr'>est</span> <span class='ocrx_word' id='word_1_50' title='bbox 1427 442 1443 476; x_wconf 77' lang='grc'>7</span> 
     </span>
     <span class='ocr_line' id='line_1_7' title="bbox 76 495 1406 549; baseline 0.003 -15"><span class='ocrx_word' id='word_1_51' title='bbox 76 497 185 546; x_wconf 84' lang='lat' dir='ltr'>quod</span> <span class='ocrx_word' id='word_1_52' title='bbox 206 496 412 546; x_wconf 83' lang='lat' dir='ltr'>diligenter</span> <span class='ocrx_word' id='word_1_53' title='bbox 432 495 689 534; x_wconf 85' lang='lat' dir='ltr'>conficiamus</span> <span class='ocrx_word' id='word_1_54' title='bbox 712 496 895 534; x_wconf 83' lang='lat' dir='ltr'>tabulas?</span> <span class='ocrx_word' id='word_1_55' title='bbox 927 510 1005 546; x_wconf 90' lang='lat' dir='ltr'>qua</span> <span class='ocrx_word' id='word_1_56' title='bbox 1026 498 1076 536; x_wconf 91' lang='lat' dir='ltr'>de</span> <span class='ocrx_word' id='word_1_57' title='bbox 1097 501 1244 538; x_wconf 88' lang='lat' dir='ltr'>causa?</span> <span class='ocrx_word' id='word_1_58' title='bbox 1300 500 1406 549; x_wconf 83' lang='lat' dir='ltr'>Quia</span> 
     </span>
     <span class='ocr_line' id='line_1_8' title="bbox 75 559 1418 610; baseline 0.002 -11"><span class='ocrx_word' id='word_1_59' title='bbox 75 562 172 600; x_wconf 85' lang='lat' dir='ltr'>haec</span> <span class='ocrx_word' id='word_1_60' title='bbox 212 568 302 599; x_wconf 87' lang='lat' dir='ltr'>sunt</span> <span class='ocrx_word' id='word_1_61' title='bbox 337 567 547 607; x_wconf 86' lang='lat' dir='ltr'>menstrua,</span> <span class='ocrx_word' id='word_1_62' title='bbox 582 559 672 599; x_wconf 90' lang='lat' dir='ltr'>illae</span> <span class='ocrx_word' id='word_1_63' title='bbox 711 568 802 599; x_wconf 88' lang='lat' dir='ltr'>sunt</span> <span class='ocrx_word' id='word_1_64' title='bbox 840 568 1046 610; x_wconf 77' lang='lat' dir='ltr'>aeternae3</span> <span class='ocrx_word' id='word_1_65' title='bbox 1090 563 1187 600; x_wconf 87' lang='lat' dir='ltr'>haec</span> <span class='ocrx_word' id='word_1_66' title='bbox 1225 564 1418 607; x_wconf 76' lang='lat' dir='ltr'>delentur,</span> 
     </span>
     <span class='ocr_line' id='line_1_9' title="bbox 74 626 1406 678; baseline 0.002 -13"><span class='ocrx_word' id='word_1_67' title='bbox 74 626 216 673; x_wconf 90' lang='lat' dir='ltr'>statim,</span> <span class='ocrx_word' id='word_1_68' title='bbox 244 626 332 664; x_wconf 90' lang='lat' dir='ltr'>illae</span> <span class='ocrx_word' id='word_1_69' title='bbox 361 632 563 664; x_wconf 83' lang='lat' dir='ltr'>servantur</span> <span class='ocrx_word' id='word_1_70' title='bbox 589 632 724 664; x_wconf 86' lang='lat' dir='ltr'>sancte</span> <span class='ocrx_word' id='word_1_71' title='bbox 738 640 749 673; x_wconf 78' lang='grc'>,-</span> <span class='ocrx_word' id='word_1_72' title='bbox 779 627 876 665; x_wconf 88' lang='lat' dir='ltr'>haec</span> <span class='ocrx_word' id='word_1_73' title='bbox 906 627 1012 677; x_wconf 86' lang='lat' dir='ltr'>parvi</span> <span class='ocrx_word' id='word_1_74' title='bbox 1042 628 1228 678; x_wconf 87' lang='lat' dir='ltr'>temporis</span> <span class='ocrx_word' id='word_1_75' title='bbox 1259 642 1406 667; x_wconf 87' lang='lat' dir='ltr'>memo-</span> 
     </span>
     <span class='ocr_line' id='line_1_10' title="bbox 74 689 1403 744; baseline 0.001 -14"><span class='ocrx_word' id='word_1_76' title='bbox 74 691 181 738; x_wconf 85' lang='lat' dir='ltr'>riam,</span> <span class='ocrx_word' id='word_1_77' title='bbox 222 690 310 729; x_wconf 87' lang='lat' dir='ltr'>illae</span> <span class='ocrx_word' id='word_1_78' title='bbox 349 697 561 741; x_wconf 81' lang='lat' dir='ltr'>perpetuae</span> <span class='ocrx_word' id='word_1_79' title='bbox 601 689 898 729; x_wconf 81' lang='lat' dir='ltr'>existimationis</span> <span class='ocrx_word' id='word_1_80' title='bbox 941 692 1060 730; x_wconf 85' lang='lat' dir='ltr'>fidem</span> <span class='ocrx_word' id='word_1_81' title='bbox 1100 700 1138 731; x_wconf 90' lang='lat' dir='ltr'>et</span> <span class='ocrx_word' id='word_1_82' title='bbox 1176 693 1403 744; x_wconf 86' lang='lat' dir='ltr'>religionem</span> 
     </span>
     <span class='ocr_line' id='line_1_11' title="bbox 18 755 1404 808; baseline 0.001 -12"><span class='ocrx_word' id='word_1_83' title='bbox 18 768 57 791; x_wconf 90' lang='lat'>10</span> <span class='ocrx_word' id='word_1_84' title='bbox 73 758 389 808; x_wconf 79' lang='lat' dir='ltr'>amplectuntur3</span> <span class='ocrx_word' id='word_1_85' title='bbox 432 757 529 794; x_wconf 90' lang='lat' dir='ltr'>haec</span> <span class='ocrx_word' id='word_1_86' title='bbox 560 763 651 794; x_wconf 84' lang='lat' dir='ltr'>sunt</span> <span class='ocrx_word' id='word_1_87' title='bbox 686 755 860 804; x_wconf 86' lang='lat' dir='ltr'>disiecta,</span> <span class='ocrx_word' id='word_1_88' title='bbox 895 756 983 796; x_wconf 90' lang='lat' dir='ltr'>illae</span> <span class='ocrx_word' id='word_1_89' title='bbox 1022 765 1112 796; x_wconf 86' lang='lat' dir='ltr'>sunt</span> <span class='ocrx_word' id='word_1_90' title='bbox 1146 758 1185 796; x_wconf 93' lang='lat' dir='ltr'>in</span> <span class='ocrx_word' id='word_1_91' title='bbox 1224 759 1404 798; x_wconf 90' lang='lat' dir='ltr'>ordinem</span> 
     </span>
     <span class='ocr_line' id='line_1_12' title="bbox 74 821 1405 874; baseline 0.002 -13"><span class='ocrx_word' id='word_1_92' title='bbox 74 823 288 861; x_wconf 87' lang='lat' dir='ltr'>confectae.</span> <span class='ocrx_word' id='word_1_93' title='bbox 350 822 490 872; x_wconf 87' lang='lat' dir='ltr'>Itaque</span> <span class='ocrx_word' id='word_1_94' title='bbox 525 821 745 861; x_wconf 88' lang='lat' dir='ltr'>adversaria</span> <span class='ocrx_word' id='word_1_95' title='bbox 777 821 816 860; x_wconf 92' lang='lat' dir='ltr'>in</span> <span class='ocrx_word' id='word_1_96' title='bbox 847 822 1037 861; x_wconf 87' lang='lat' dir='ltr'>iudicium</span> <span class='ocrx_word' id='word_1_97' title='bbox 1072 824 1231 874; x_wconf 88' lang='lat' dir='ltr'>protulit</span> <span class='ocrx_word' id='word_1_98' title='bbox 1262 838 1405 873; x_wconf 70' lang='lat' dir='ltr'>nemo,</span> 
     </span>
     <span class='ocr_line' id='line_1_13' title="bbox 72 886 1448 939; baseline 0.001 -12"><span class='ocrx_word' id='word_1_99' title='bbox 72 887 251 927; x_wconf 90' lang='lat' dir='ltr'>codicem</span> <span class='ocrx_word' id='word_1_100' title='bbox 281 886 452 938; x_wconf 88' lang='lat' dir='ltr'>protulit,</span> <span class='ocrx_word' id='word_1_101' title='bbox 484 887 635 926; x_wconf 88' lang='lat' dir='ltr'>tabulas</span> <span class='ocrx_word' id='word_1_102' title='bbox 663 887 847 926; x_wconf 88' lang='lat' dir='ltr'>recitavit.</span> <span class='ocrx_word' id='word_1_103' title='bbox 906 890 980 935; x_wconf 89' lang='lat' dir='ltr'>Tu,</span> <span class='ocrx_word' id='word_1_104' title='bbox 1011 889 1055 928; x_wconf 91' lang='lat' dir='ltr'>C.</span> <span class='ocrx_word' id='word_1_105' title='bbox 1086 889 1187 937; x_wconf 85' lang='lat' dir='ltr'>Piso,</span> <span class='ocrx_word' id='word_1_106' title='bbox 1216 889 1282 928; x_wconf 84' lang='lat' dir='ltr'>tali</span> <span class='ocrx_word' id='word_1_107' title='bbox 1312 891 1402 938; x_wconf 87' lang='lat' dir='ltr'>fide,</span> <span class='ocrx_word' id='word_1_108' title='bbox 1425 903 1448 939; x_wconf 92' lang='lat'>3</span> 
     </span>
     <span class='ocr_line' id='line_1_14' title="bbox 72 952 1402 1006; baseline 0.002 -15"><span class='ocrx_word' id='word_1_109' title='bbox 72 953 222 1001; x_wconf 90' lang='lat' dir='ltr'>virtute,</span> <span class='ocrx_word' id='word_1_110' title='bbox 240 952 437 1002; x_wconf 86' lang='lat' dir='ltr'>gravitate,</span> <span class='ocrx_word' id='word_1_111' title='bbox 455 952 686 992; x_wconf 86' lang='lat' dir='ltr'>auctoritate</span> <span class='ocrx_word' id='word_1_112' title='bbox 702 961 861 992; x_wconf 84' lang='lat' dir='ltr'>ornatus</span> <span class='ocrx_word' id='word_1_113' title='bbox 882 967 929 992; x_wconf 88' lang='lat' dir='ltr'>ex</span> <span class='ocrx_word' id='word_1_114' title='bbox 948 955 1176 993; x_wconf 86' lang='lat' dir='ltr'>adversariis</span> <span class='ocrx_word' id='word_1_115' title='bbox 1193 955 1402 1006; x_wconf 89' lang='lat' dir='ltr'>pecuniam</span> 
     </span>
     <span class='ocr_line' id='line_1_15' title="bbox 73 1018 1441 1069; baseline 0.003 -12"><span class='ocrx_word' id='word_1_116' title='bbox 73 1026 205 1069; x_wconf 89' lang='lat' dir='ltr'>petere</span> <span class='ocrx_word' id='word_1_117' title='bbox 238 1031 319 1056; x_wconf 90' lang='lat' dir='ltr'>non</span> <span class='ocrx_word' id='word_1_118' title='bbox 353 1018 528 1057; x_wconf 87' lang='lat' dir='ltr'>auderes.</span> <span class='ocrx_word' id='word_1_119' title='bbox 589 1020 675 1068; x_wconf 87' lang='lat' dir='ltr'>Ego</span> <span class='ocrx_word' id='word_1_120' title='bbox 714 1032 815 1069; x_wconf 88' lang='lat' dir='ltr'>quae</span> <span class='ocrx_word' id='word_1_121' title='bbox 850 1020 952 1057; x_wconf 87' lang='lat' dir='ltr'>clara</span> <span class='ocrx_word' id='word_1_122' title='bbox 986 1027 1076 1058; x_wconf 88' lang='lat' dir='ltr'>sunt</span> <span class='ocrx_word' id='word_1_123' title='bbox 1114 1021 1402 1060; x_wconf 89' lang='lat' dir='ltr'>consuetudine</span> <span class='ocrx_word' id='word_1_124' title='bbox 1423 1032 1441 1063; x_wconf 82' lang='lat'>8</span> 
     </span>
     <span class='ocr_line' id='line_1_16' title="bbox 17 1082 1404 1135; baseline 0.003 -15"><span class='ocrx_word' id='word_1_125' title='bbox 17 1098 53 1129; x_wconf 76' lang='lat'>15</span> <span class='ocrx_word' id='word_1_126' title='bbox 73 1083 219 1123; x_wconf 90' lang='lat' dir='ltr'>diutius</span> <span class='ocrx_word' id='word_1_127' title='bbox 253 1082 384 1121; x_wconf 88' lang='lat' dir='ltr'>dicere</span> <span class='ocrx_word' id='word_1_128' title='bbox 411 1096 491 1121; x_wconf 92' lang='lat' dir='ltr'>non</span> <span class='ocrx_word' id='word_1_129' title='bbox 523 1083 677 1131; x_wconf 80' lang='lat' dir='ltr'>debe03</span> <span class='ocrx_word' id='word_1_130' title='bbox 708 1083 805 1122; x_wconf 93' lang='lat' dir='ltr'>illud</span> <span class='ocrx_word' id='word_1_131' title='bbox 839 1097 931 1123; x_wconf 88' lang='lat' dir='ltr'>vero</span> <span class='ocrx_word' id='word_1_132' title='bbox 960 1086 1069 1135; x_wconf 87' lang='lat' dir='ltr'>quod</span> <span class='ocrx_word' id='word_1_133' title='bbox 1098 1087 1148 1124; x_wconf 89' lang='lat' dir='ltr'>ad</span> <span class='ocrx_word' id='word_1_134' title='bbox 1179 1099 1259 1124; x_wconf 90' lang='lat' dir='ltr'>rem</span> <span class='ocrx_word' id='word_1_135' title='bbox 1290 1087 1404 1125; x_wconf 86' lang='lat' dir='ltr'>vehe-</span> 
     </span>
     <span class='ocr_line' id='line_1_17' title="bbox 73 1148 1400 1200; baseline 0.002 -14"><span class='ocrx_word' id='word_1_136' title='bbox 73 1156 224 1188; x_wconf 87' lang='lat' dir='ltr'>menter</span> <span class='ocrx_word' id='word_1_137' title='bbox 247 1148 425 1198; x_wconf 88' lang='lat' dir='ltr'>pertinet,</span> <span class='ocrx_word' id='word_1_138' title='bbox 450 1161 620 1199; x_wconf 79' lang='lat' dir='ltr'>quaero:</span> <span class='ocrx_word' id='word_1_139' title='bbox 651 1162 770 1200; x_wconf 90' lang='lat' dir='ltr'>quam</span> <span class='ocrx_word' id='word_1_140' title='bbox 798 1149 950 1200; x_wconf 90' lang='lat' dir='ltr'>pridem</span> <span class='ocrx_word' id='word_1_141' title='bbox 982 1151 1057 1189; x_wconf 91' lang='lat' dir='ltr'>hoc</span> <span class='ocrx_word' id='word_1_142' title='bbox 1081 1164 1242 1199; x_wconf 85' lang='lat' dir='ltr'>nomen,</span> <span class='ocrx_word' id='word_1_143' title='bbox 1264 1151 1400 1199; x_wconf 89' lang='lat' dir='ltr'>Fanni,</span> 
     </span>
     <span class='ocr_line' id='line_1_18' title="bbox 72 1213 1400 1266; baseline 0.002 -14"><span class='ocrx_word' id='word_1_144' title='bbox 72 1214 111 1252; x_wconf 91' lang='lat' dir='ltr'>in</span> <span class='ocrx_word' id='word_1_145' title='bbox 132 1213 351 1253; x_wconf 88' lang='lat' dir='ltr'>adversaria</span> <span class='ocrx_word' id='word_1_146' title='bbox 382 1214 592 1252; x_wconf 89' lang='lat' dir='ltr'>rettulisti?</span> <span class='ocrx_word' id='word_1_147' title='bbox 650 1214 868 1262; x_wconf 90' lang='lat' dir='ltr'>Erubescit,</span> <span class='ocrx_word' id='word_1_148' title='bbox 892 1215 988 1265; x_wconf 88' lang='lat' dir='ltr'>quid</span> <span class='ocrx_word' id='word_1_149' title='bbox 1009 1218 1245 1266; x_wconf 87' lang='lat' dir='ltr'>respondeat</span> <span class='ocrx_word' id='word_1_150' title='bbox 1265 1217 1400 1265; x_wconf 88' lang='lat' dir='ltr'>nescit,</span> 
     </span>
     <span class='ocr_line' id='line_1_19' title="bbox 72 1280 1400 1331; baseline 0.002 -13"><span class='ocrx_word' id='word_1_151' title='bbox 72 1280 168 1330; x_wconf 87' lang='lat' dir='ltr'>quid</span> <span class='ocrx_word' id='word_1_152' title='bbox 200 1281 319 1329; x_wconf 89' lang='lat' dir='ltr'>fingat</span> <span class='ocrx_word' id='word_1_153' title='bbox 350 1281 548 1330; x_wconf 83' lang='lat' dir='ltr'>externplo</span> <span class='ocrx_word' id='word_1_154' title='bbox 577 1293 658 1318; x_wconf 90' lang='lat' dir='ltr'>non</span> <span class='ocrx_word' id='word_1_155' title='bbox 690 1280 820 1319; x_wconf 92' lang='lat' dir='ltr'>habet.</span> <span class='ocrx_word' id='word_1_156' title='bbox 881 1281 979 1319; x_wconf 89' lang='lat' dir='ltr'>Sunt</span> <span class='ocrx_word' id='word_1_157' title='bbox 1013 1281 1094 1320; x_wconf 94' lang='lat' dir='ltr'>duo</span> <span class='ocrx_word' id='word_1_158' title='bbox 1128 1295 1283 1321; x_wconf 89' lang='lat' dir='ltr'>menses</span> <span class='ocrx_word' id='word_1_159' title='bbox 1311 1282 1400 1331; x_wconf 90' lang='lat' dir='ltr'>iarn,</span> 
     </span>
     <span class='ocr_line' id='line_1_20' title="bbox 72 1345 1401 1397; baseline 0.002 -14"><span class='ocrx_word' id='word_1_160' title='bbox 72 1345 191 1384; x_wconf 90' lang='lat' dir='ltr'>dices.</span> <span class='ocrx_word' id='word_1_161' title='bbox 249 1347 403 1384; x_wconf 86' lang='lat' dir='ltr'>Tamen</span> <span class='ocrx_word' id='word_1_162' title='bbox 424 1345 463 1383; x_wconf 89' lang='lat' dir='ltr'>in</span> <span class='ocrx_word' id='word_1_163' title='bbox 484 1347 665 1384; x_wconf 89' lang='lat' dir='ltr'>codicem</span> <span class='ocrx_word' id='word_1_164' title='bbox 685 1345 837 1396; x_wconf 89' lang='lat' dir='ltr'>accepti</span> <span class='ocrx_word' id='word_1_165' title='bbox 858 1353 896 1385; x_wconf 87' lang='lat' dir='ltr'>et</span> <span class='ocrx_word' id='word_1_166' title='bbox 916 1346 1076 1397; x_wconf 87' lang='lat' dir='ltr'>expensi</span> <span class='ocrx_word' id='word_1_167' title='bbox 1096 1347 1236 1396; x_wconf 72' lang='lat' dir='ltr'>refirri</span> <span class='ocrx_word' id='word_1_168' title='bbox 1252 1347 1401 1387; x_wconf 89' lang='lat' dir='ltr'>debuit.</span> 
     </span>
     <span class='ocr_line' id='line_1_21' title="bbox 15 1410 1402 1461; baseline 0.003 -13"><span class='ocrx_word' id='word_1_169' title='bbox 15 1423 54 1444; x_wconf 84' lang='lat'>20</span> <span class='ocrx_word' id='word_1_170' title='bbox 72 1410 255 1461; x_wconf 89' lang='lat' dir='ltr'>Amplius</span> <span class='ocrx_word' id='word_1_171' title='bbox 283 1418 373 1448; x_wconf 89' lang='lat' dir='ltr'>sunt</span> <span class='ocrx_word' id='word_1_172' title='bbox 399 1423 466 1449; x_wconf 86' lang='lat' dir='ltr'>sex</span> <span class='ocrx_word' id='word_1_173' title='bbox 496 1424 662 1449; x_wconf 84' lang='lat' dir='ltr'>menses.</span> <span class='ocrx_word' id='word_1_174' title='bbox 721 1412 802 1450; x_wconf 89' lang='lat' dir='ltr'>Cur</span> <span class='ocrx_word' id='word_1_175' title='bbox 829 1418 907 1449; x_wconf 84' lang='lat' dir='ltr'>tarn</span> <span class='ocrx_word' id='word_1_176' title='bbox 929 1411 997 1450; x_wconf 90' lang='lat' dir='ltr'>diu</span> <span class='ocrx_word' id='word_1_177' title='bbox 1026 1411 1126 1451; x_wconf 86' lang='lat' dir='ltr'>iacet</span> <span class='ocrx_word' id='word_1_178' title='bbox 1152 1413 1229 1451; x_wconf 90' lang='lat' dir='ltr'>hoc</span> <span class='ocrx_word' id='word_1_179' title='bbox 1255 1426 1402 1452; x_wconf 90' lang='lat' dir='ltr'>nomen</span> 
     </span>
     <span class='ocr_line' id='line_1_22' title="bbox 71 1476 1403 1527; baseline 0.002 -11"><span class='ocrx_word' id='word_1_180' title='bbox 71 1477 111 1516; x_wconf 91' lang='lat' dir='ltr'>in</span> <span class='ocrx_word' id='word_1_181' title='bbox 149 1476 406 1516; x_wconf 86' lang='lat' dir='ltr'>adversariis?</span> <span class='ocrx_word' id='word_1_182' title='bbox 462 1476 571 1526; x_wconf 88' lang='lat' dir='ltr'>Quid</span> <span class='ocrx_word' id='word_1_183' title='bbox 610 1476 642 1514; x_wconf 93' lang='lat' dir='ltr'>si</span> <span class='ocrx_word' id='word_1_184' title='bbox 673 1477 834 1515; x_wconf 87' lang='lat' dir='ltr'>tandem</span> <span class='ocrx_word' id='word_1_185' title='bbox 872 1476 1040 1527; x_wconf 88' lang='lat' dir='ltr'>amplius</span> <span class='ocrx_word' id='word_1_186' title='bbox 1074 1476 1284 1516; x_wconf 90' lang='lat' dir='ltr'>triennium</span> <span class='ocrx_word' id='word_1_187' title='bbox 1316 1481 1403 1518; x_wconf 87' lang='lat' dir='ltr'>est?</span> 
     </span>
     <span class='ocr_line' id='line_1_23' title="bbox 72 1542 1402 1594; baseline 0.001 -12"><span class='ocrx_word' id='word_1_188' title='bbox 72 1556 152 1594; x_wconf 89' lang='lat' dir='ltr'>quo</span> <span class='ocrx_word' id='word_1_189' title='bbox 187 1544 321 1591; x_wconf 83' lang='lat' dir='ltr'>modo,</span> <span class='ocrx_word' id='word_1_190' title='bbox 353 1556 443 1581; x_wconf 91' lang='lat' dir='ltr'>cum</span> <span class='ocrx_word' id='word_1_191' title='bbox 479 1556 617 1581; x_wconf 90' lang='lat' dir='ltr'>omnes</span> <span class='ocrx_word' id='word_1_192' title='bbox 652 1542 719 1592; x_wconf 87' lang='lat' dir='ltr'>qui</span> <span class='ocrx_word' id='word_1_193' title='bbox 753 1542 906 1581; x_wconf 88' lang='lat' dir='ltr'>tabulas</span> <span class='ocrx_word' id='word_1_194' title='bbox 938 1542 1150 1581; x_wconf 87' lang='lat' dir='ltr'>conficiant</span> <span class='ocrx_word' id='word_1_195' title='bbox 1184 1551 1402 1583; x_wconf 87' lang='lat' dir='ltr'>menstruas</span> 
     </span>
     <span class='ocr_line' id='line_1_24' title="bbox 73 1608 1403 1660; baseline 0 -12"><span class='ocrx_word' id='word_1_196' title='bbox 73 1623 197 1660; x_wconf 89' lang='lat' dir='ltr'>paene</span> <span class='ocrx_word' id='word_1_197' title='bbox 221 1609 390 1648; x_wconf 90' lang='lat' dir='ltr'>rationes</span> <span class='ocrx_word' id='word_1_198' title='bbox 416 1608 455 1647; x_wconf 92' lang='lat' dir='ltr'>in</span> <span class='ocrx_word' id='word_1_199' title='bbox 486 1608 638 1647; x_wconf 86' lang='lat' dir='ltr'>tabulas</span> <span class='ocrx_word' id='word_1_200' title='bbox 663 1609 904 1655; x_wconf 84' lang='lat' dir='ltr'>transferant,</span> <span class='ocrx_word' id='word_1_201' title='bbox 937 1615 978 1646; x_wconf 90' lang='lat' dir='ltr'>tu</span> <span class='ocrx_word' id='word_1_202' title='bbox 1008 1609 1084 1646; x_wconf 88' lang='lat' dir='ltr'>hoc</span> <span class='ocrx_word' id='word_1_203' title='bbox 1113 1622 1260 1647; x_wconf 91' lang='lat' dir='ltr'>nomen</span> <span class='ocrx_word' id='word_1_204' title='bbox 1290 1609 1403 1648; x_wconf 91' lang='lat' dir='ltr'>trien-</span> 
     </span>
     <span class='ocr_line' id='line_1_25' title="bbox 73 1673 1440 1726; baseline 0 -12"><span class='ocrx_word' id='word_1_205' title='bbox 73 1676 181 1714; x_wconf 87' lang='lat' dir='ltr'>nium</span> <span class='ocrx_word' id='word_1_206' title='bbox 203 1676 370 1726; x_wconf 89' lang='lat' dir='ltr'>amplius</span> <span class='ocrx_word' id='word_1_207' title='bbox 393 1676 433 1714; x_wconf 92' lang='lat' dir='ltr'>in</span> <span class='ocrx_word' id='word_1_208' title='bbox 462 1674 691 1714; x_wconf 88' lang='lat' dir='ltr'>adversariis</span> <span class='ocrx_word' id='word_1_209' title='bbox 722 1674 847 1713; x_wconf 91' lang='lat' dir='ltr'>iacere</span> <span class='ocrx_word' id='word_1_210' title='bbox 875 1673 1046 1724; x_wconf 86' lang='lat' dir='ltr'>pateris?</span> <span class='ocrx_word' id='word_1_211' title='bbox 1104 1676 1243 1713; x_wconf 89' lang='lat' dir='ltr'>Vtrum</span> <span class='ocrx_word' id='word_1_212' title='bbox 1273 1683 1402 1714; x_wconf 88' lang='lat' dir='ltr'>cetera</span> <span class='ocrx_word' id='word_1_213' title='bbox 1420 1689 1440 1720; x_wconf 91' lang='lat'>9</span> 
     </span>
     <span class='ocr_line' id='line_1_26' title="bbox 17 1738 1400 1790; baseline 0 -12"><span class='ocrx_word' id='word_1_214' title='bbox 17 1753 52 1783; x_wconf 77' lang='lat'>:5</span> <span class='ocrx_word' id='word_1_215' title='bbox 73 1740 234 1779; x_wconf 90' lang='lat' dir='ltr'>nomina</span> <span class='ocrx_word' id='word_1_216' title='bbox 272 1741 311 1779; x_wconf 93' lang='lat' dir='ltr'>in</span> <span class='ocrx_word' id='word_1_217' title='bbox 346 1741 525 1781; x_wconf 88' lang='lat' dir='ltr'>codicem</span> <span class='ocrx_word' id='word_1_218' title='bbox 561 1739 712 1790; x_wconf 85' lang='lat' dir='ltr'>accepti</span> <span class='ocrx_word' id='word_1_219' title='bbox 752 1747 789 1778; x_wconf 92' lang='lat' dir='ltr'>et</span> <span class='ocrx_word' id='word_1_220' title='bbox 823 1739 983 1789; x_wconf 85' lang='lat' dir='ltr'>expensi</span> <span class='ocrx_word' id='word_1_221' title='bbox 1018 1738 1168 1789; x_wconf 86' lang='lat' dir='ltr'>digesta</span> <span class='ocrx_word' id='word_1_222' title='bbox 1198 1740 1320 1778; x_wconf 91' lang='lat' dir='ltr'>habes</span> <span class='ocrx_word' id='word_1_223' title='bbox 1350 1754 1400 1779; x_wconf 90' lang='lat' dir='ltr'>an</span> 
     </span>
     <span class='ocr_line' id='line_1_27' title="bbox 72 1806 1400 1858; baseline 0.001 -13"><span class='ocrx_word' id='word_1_224' title='bbox 72 1809 183 1846; x_wconf 88' lang='lat' dir='ltr'>non?</span> <span class='ocrx_word' id='word_1_225' title='bbox 239 1807 279 1846; x_wconf 89' lang='lat' dir='ltr'>Si</span> <span class='ocrx_word' id='word_1_226' title='bbox 306 1821 397 1855; x_wconf 90' lang='lat' dir='ltr'>non,</span> <span class='ocrx_word' id='word_1_227' title='bbox 421 1821 501 1858; x_wconf 86' lang='lat' dir='ltr'>quo</span> <span class='ocrx_word' id='word_1_228' title='bbox 530 1809 652 1847; x_wconf 90' lang='lat' dir='ltr'>modo</span> <span class='ocrx_word' id='word_1_229' title='bbox 672 1808 824 1845; x_wconf 86' lang='lat' dir='ltr'>tabulas</span> <span class='ocrx_word' id='word_1_230' title='bbox 851 1806 1042 1845; x_wconf 89' lang='lat' dir='ltr'>conficis?</span> <span class='ocrx_word' id='word_1_231' title='bbox 1071 1806 1103 1844; x_wconf 90' lang='lat' dir='ltr'>si</span> <span class='ocrx_word' id='word_1_232' title='bbox 1129 1806 1258 1855; x_wconf 87' lang='lat' dir='ltr'>etiarn,</span> <span class='ocrx_word' id='word_1_233' title='bbox 1281 1821 1400 1858; x_wconf 89' lang='lat' dir='ltr'>quam</span> 
     </span>
     <span class='ocr_line' id='line_1_28' title="bbox 72 1871 1400 1920; baseline 0.001 -9"><span class='ocrx_word' id='word_1_234' title='bbox 72 1873 125 1911; x_wconf 92' lang='lat' dir='ltr'>ob</span> <span class='ocrx_word' id='word_1_235' title='bbox 162 1886 255 1920; x_wconf 91' lang='lat' dir='ltr'>rem,</span> <span class='ocrx_word' id='word_1_236' title='bbox 295 1887 385 1912; x_wconf 88' lang='lat' dir='ltr'>cum</span> <span class='ocrx_word' id='word_1_237' title='bbox 425 1881 553 1912; x_wconf 88' lang='lat' dir='ltr'>cetera</span> <span class='ocrx_word' id='word_1_238' title='bbox 592 1873 754 1912; x_wconf 85' lang='lat' dir='ltr'>nomina</span> <span class='ocrx_word' id='word_1_239' title='bbox 788 1873 827 1910; x_wconf 89' lang='lat' dir='ltr'>in</span> <span class='ocrx_word' id='word_1_240' title='bbox 866 1871 1045 1911; x_wconf 88' lang='lat' dir='ltr'>ordinem</span> <span class='ocrx_word' id='word_1_241' title='bbox 1084 1873 1288 1920; x_wconf 90' lang='lat' dir='ltr'>referebas,</span> <span class='ocrx_word' id='word_1_242' title='bbox 1324 1874 1400 1912; x_wconf 89' lang='lat' dir='ltr'>hoc</span> 
     </span>
    </p>
   </div>
   <div class='ocr_carea' id='block_1_3' title="bbox 73 1976 1401 2366">
    <p class='ocr_par' dir='ltr' id='par_1_3' title="bbox 73 1976 1401 2366">
     <span class='ocr_line' id='line_1_29' title="bbox 117 1976 1399 2019; baseline 0 -10"><span class='ocrx_word' id='word_1_243' title='bbox 117 1989 136 2016; x_wconf 89' lang='lat'><strong>4</strong></span> <span class='ocrx_word' id='word_1_244' title='bbox 161 1978 342 2009; x_wconf 85' lang='lat' dir='ltr'>duceretur</span> <span class='ocrx_word' id='word_1_245' title='bbox 356 1976 445 2008; x_wconf 84' lang='lat' dir='ltr'>codd.</span> <span class='ocrx_word' id='word_1_246' title='bbox 465 1990 472 2009; x_wconf 92' lang='lat'><strong>:</strong></span> <span class='ocrx_word' id='word_1_247' title='bbox 502 1989 578 2010; x_wconf 79' lang='lat' dir='ltr'>corr.</span> <span class='ocrx_word' id='word_1_248' title='bbox 597 1978 643 2010; x_wconf 83' lang='lat' dir='ltr'>ed.</span> <span class='ocrx_word' id='word_1_249' title='bbox 665 1978 699 2009; x_wconf 83' lang='lat' dir='ltr'><em>R</em></span> <span class='ocrx_word' id='word_1_250' title='bbox 832 1990 848 2019; x_wconf 94' lang='lat'><strong>7</strong></span> <span class='ocrx_word' id='word_1_251' title='bbox 875 1980 957 2010; x_wconf 89' lang='lat' dir='ltr'>haec</span> <span class='ocrx_word' id='word_1_252' title='bbox 976 1980 1018 2011; x_wconf 52' lang='lat' dir='ltr'>t?</span> <span class='ocrx_word' id='word_1_253' title='bbox 1033 1991 1040 2009; x_wconf 71' lang='grc' dir='ltr'><em>τ</em></span> <span class='ocrx_word' id='word_1_254' title='bbox 1066 1979 1129 2009; x_wconf 86' lang='lat' dir='ltr'>hae</span> <span class='ocrx_word' id='word_1_255' title='bbox 1145 1982 1209 2009; x_wconf 77' lang='lat' dir='ltr'>cett.</span> <span class='ocrx_word' id='word_1_256' title='bbox 1231 1978 1291 2017; x_wconf 81' lang='lat' dir='ltr'>&lt;ita</span> <span class='ocrx_word' id='word_1_257' title='bbox 1306 1980 1399 2016; x_wconf 80' lang='lat' dir='ltr'>mox)</span> 
     </span>
     <span class='ocr_line' id='line_1_30' title="bbox 75 2020 1399 2059; baseline 0.002 -8"><span class='ocrx_word' id='word_1_258' title='bbox 75 2026 246 2052; x_wconf 88' lang='lat' dir='ltr'>menstrua</span> <span class='ocrx_word' id='word_1_259' title='bbox 267 2021 305 2059; x_wconf 65' lang='grc' dir='ltr'>(ἦ</span> <span class='ocrx_word' id='word_1_260' title='bbox 331 2020 377 2052; x_wconf 83' lang='lat' dir='ltr'>ed.</span> <span class='ocrx_word' id='word_1_261' title='bbox 403 2020 456 2051; x_wconf 88' lang='lat' dir='ltr'>R:</span> <span class='ocrx_word' id='word_1_262' title='bbox 485 2027 678 2052; x_wconf 85' lang='lat' dir='ltr'>menstruae</span> <span class='ocrx_word' id='word_1_263' title='bbox 701 2026 765 2054; x_wconf 82' lang='lat' dir='ltr'>cett.</span> <span class='ocrx_word' id='word_1_264' title='bbox 858 2029 1018 2055; x_wconf 83' lang='lat' dir='ltr'>aeternae</span> <span class='ocrx_word' id='word_1_265' title='bbox 1040 2022 1142 2054; x_wconf 65' lang='lat' dir='ltr'>b‘3t‘2‘:</span> <span class='ocrx_word' id='word_1_266' title='bbox 1164 2022 1312 2052; x_wconf 84' lang='lat' dir='ltr'>alternae</span> <span class='ocrx_word' id='word_1_267' title='bbox 1335 2025 1399 2053; x_wconf 81' lang='lat' dir='ltr'>cett.</span> 
     </span>
     <span class='ocr_line' id='line_1_31' title="bbox 75 2064 1400 2107; baseline 0.001 -12"><span class='ocrx_word' id='word_1_268' title='bbox 75 2064 158 2095; x_wconf 90' lang='lat' dir='ltr'>haec</span> <span class='ocrx_word' id='word_1_269' title='bbox 176 2089 183 2096; x_wconf 91' lang='lat'>.</span> <span class='ocrx_word' id='word_1_270' title='bbox 203 2089 210 2096; x_wconf 90' lang='lat'>.</span> <span class='ocrx_word' id='word_1_271' title='bbox 231 2088 238 2095; x_wconf 93' lang='lat'>.</span> <span class='ocrx_word' id='word_1_272' title='bbox 258 2064 360 2105; x_wconf 73' lang='lat' dir='ltr'>baec]</span> <span class='ocrx_word' id='word_1_273' title='bbox 379 2064 442 2095; x_wconf 84' lang='lat' dir='ltr'>hae</span> <span class='ocrx_word' id='word_1_274' title='bbox 458 2088 466 2095; x_wconf 92' lang='lat'>.</span> <span class='ocrx_word' id='word_1_275' title='bbox 489 2089 495 2096; x_wconf 96' lang='lat'>.</span> <span class='ocrx_word' id='word_1_276' title='bbox 514 2089 520 2095; x_wconf 95' lang='lat'>.</span> <span class='ocrx_word' id='word_1_277' title='bbox 542 2065 605 2096; x_wconf 85' lang='lat' dir='ltr'>hae</span> <span class='ocrx_word' id='word_1_278' title='bbox 624 2066 670 2095; x_wconf 80' lang='grc' dir='ltr'>ΩΙ)</span> <span class='ocrx_word' id='word_1_279' title='bbox 795 2076 833 2097; x_wconf 92' lang='lat'>10</span> <span class='ocrx_word' id='word_1_280' title='bbox 856 2067 1103 2107; x_wconf 83' lang='lat' dir='ltr'>amplectuntur</span> <span class='ocrx_word' id='word_1_281' title='bbox 1121 2065 1261 2104; x_wconf 73' lang='lat' dir='ltr'>(compl-</span> <span class='ocrx_word' id='word_1_282' title='bbox 1279 2065 1302 2104; x_wconf 77' lang='lat' dir='ltr'>t)</span> <span class='ocrx_word' id='word_1_283' title='bbox 1318 2065 1400 2096; x_wconf 80' lang='lat' dir='ltr'>b²tc:</span> 
     </span>
     <span class='ocr_line' id='line_1_32' title="bbox 74 2108 1393 2150; baseline 0.002 -12"><span class='ocrx_word' id='word_1_284' title='bbox 74 2108 285 2147; x_wconf 86' lang='lat' dir='ltr'>amplectitur</span> <span class='ocrx_word' id='word_1_285' title='bbox 300 2111 363 2139; x_wconf 81' lang='lat' dir='ltr'>cett.</span> <span class='ocrx_word' id='word_1_286' title='bbox 427 2108 509 2139; x_wconf 86' lang='lat' dir='ltr'>haec</span> <span class='ocrx_word' id='word_1_287' title='bbox 526 2109 565 2145; x_wconf 69' lang='grc' dir='ltr'>ς’,</span> <span class='ocrx_word' id='word_1_288' title='bbox 586 2109 632 2140; x_wconf 87' lang='lat' dir='ltr'>ed.</span> <span class='ocrx_word' id='word_1_289' title='bbox 651 2109 684 2139; x_wconf 82' lang='lat' dir='ltr'><em>R</em></span> <span class='ocrx_word' id='word_1_290' title='bbox 699 2121 705 2139; x_wconf 71' lang='grc' dir='ltr'>ε</span> <span class='ocrx_word' id='word_1_291' title='bbox 730 2109 793 2140; x_wconf 85' lang='lat' dir='ltr'>hae</span> <span class='ocrx_word' id='word_1_292' title='bbox 811 2114 876 2142; x_wconf 79' lang='lat' dir='ltr'>cett.</span> <span class='ocrx_word' id='word_1_293' title='bbox 943 2111 1072 2142; x_wconf 81' lang='lat' dir='ltr'>deiecta</span> <span class='ocrx_word' id='word_1_294' title='bbox 1089 2111 1128 2150; x_wconf 70' lang='grc' dir='ltr'>ς’,</span> <span class='ocrx_word' id='word_1_295' title='bbox 1144 2109 1292 2139; x_wconf 87' lang='lat' dir='ltr'>deiectae</span> <span class='ocrx_word' id='word_1_296' title='bbox 1309 2112 1393 2140; x_wconf 83' lang='lat' dir='ltr'>cett.:</span> 
     </span>
     <span class='ocr_line' id='line_1_33' title="bbox 73 2151 1400 2194; baseline 0 -13"><span class='ocrx_word' id='word_1_297' title='bbox 73 2162 151 2183; x_wconf 84' lang='lat' dir='ltr'>corr.</span> <span class='ocrx_word' id='word_1_298' title='bbox 170 2151 343 2182; x_wconf 82' lang='lat' dir='ltr'>Hotoman</span> <span class='ocrx_word' id='word_1_299' title='bbox 455 2157 533 2182; x_wconf 88' lang='lat' dir='ltr'>sunt</span> <span class='ocrx_word' id='word_1_300' title='bbox 552 2152 601 2193; x_wconf 85' lang='lat' dir='ltr'>in]</span> <span class='ocrx_word' id='word_1_301' title='bbox 622 2153 655 2182; x_wconf 90' lang='lat' dir='ltr'>in</span> <span class='ocrx_word' id='word_1_302' title='bbox 673 2154 731 2192; x_wconf 57' lang='grc' dir='ltr'>οἵ,</span> <span class='ocrx_word' id='word_1_303' title='bbox 751 2152 940 2194; x_wconf 68' lang='lat' dir='ltr'>Naugem&#39;us</span> <span class='ocrx_word' id='word_1_304' title='bbox 958 2155 1006 2189; x_wconf 54' lang='grc' dir='ltr'>(Ι)</span> <span class='ocrx_word' id='word_1_305' title='bbox 1165 2153 1202 2182; x_wconf 83' lang='lat'>18</span> <span class='ocrx_word' id='word_1_306' title='bbox 1226 2152 1400 2192; x_wconf 86' lang='lat' dir='ltr'>extemplo</span> 
     </span>
     <span class='ocr_line' id='line_1_34' title="bbox 74 2194 1399 2237; baseline -0.001 -11"><span class='ocrx_word' id='word_1_307' title='bbox 74 2195 113 2232; x_wconf 73' lang='grc' dir='ltr'>ς’,</span> <span class='ocrx_word' id='word_1_308' title='bbox 133 2194 338 2226; x_wconf 83' lang='lat' dir='ltr'>Beroaldus:</span> <span class='ocrx_word' id='word_1_309' title='bbox 361 2196 519 2235; x_wconf 82' lang='lat' dir='ltr'>exemplo</span> <span class='ocrx_word' id='word_1_310' title='bbox 536 2199 599 2227; x_wconf 84' lang='lat' dir='ltr'>cett.</span> <span class='ocrx_word' id='word_1_311' title='bbox 749 2207 787 2236; x_wconf 92' lang='lat'>19</span> <span class='ocrx_word' id='word_1_312' title='bbox 811 2197 936 2237; x_wconf 79' lang='lat' dir='ltr'>tamen]</span> <span class='ocrx_word' id='word_1_313' title='bbox 957 2202 1025 2227; x_wconf 91' lang='lat' dir='ltr'>turn</span> <span class='ocrx_word' id='word_1_314' title='bbox 1045 2201 1128 2228; x_wconf 76' lang='lat' dir='ltr'>ssmc</span> <span class='ocrx_word' id='word_1_315' title='bbox 1223 2200 1399 2235; x_wconf 83' lang='lat' dir='ltr'>acceptum</span> 
     </span>
     <span class='ocr_line' id='line_1_35' title="bbox 75 2238 1400 2281; baseline 0.002 -13"><span class='ocrx_word' id='word_1_316' title='bbox 75 2243 107 2268; x_wconf 89' lang='lat' dir='ltr'>ct</span> <span class='ocrx_word' id='word_1_317' title='bbox 123 2248 309 2278; x_wconf 86' lang='lat' dir='ltr'>expensum</span> <span class='ocrx_word' id='word_1_318' title='bbox 329 2238 418 2270; x_wconf 86' lang='lat' dir='ltr'>codd.</span> <span class='ocrx_word' id='word_1_319' title='bbox 435 2250 441 2269; x_wconf 74' lang='grc' dir='ltr'><strong><em>ε</em></strong></span> <span class='ocrx_word' id='word_1_320' title='bbox 466 2249 544 2269; x_wconf 82' lang='lat' dir='ltr'>corr.</span> <span class='ocrx_word' id='word_1_321' title='bbox 572 2239 742 2270; x_wconf 79' lang='lat' dir='ltr'>Turnebus</span> <span class='ocrx_word' id='word_1_322' title='bbox 842 2240 959 2271; x_wconf 85' lang='lat' dir='ltr'>referri</span> <span class='ocrx_word' id='word_1_323' title='bbox 976 2241 1015 2279; x_wconf 63' lang='grc' dir='ltr'>ς,</span> <span class='ocrx_word' id='word_1_324' title='bbox 1037 2241 1220 2281; x_wconf 78' lang='lat' dir='ltr'>Angelius:</span> <span class='ocrx_word' id='word_1_325' title='bbox 1247 2250 1311 2270; x_wconf 87' lang='lat' dir='ltr'>om.</span> <span class='ocrx_word' id='word_1_326' title='bbox 1332 2242 1400 2270; x_wconf 81' lang='lat' dir='ltr'><em>cett.</em></span> 
     </span>
     <span class='ocr_line' id='line_1_36' title="bbox 74 2281 1401 2323; baseline 0.002 -12"><span class='ocrx_word' id='word_1_327' title='bbox 74 2291 115 2311; x_wconf 86' lang='lat'>22</span> <span class='ocrx_word' id='word_1_328' title='bbox 139 2281 321 2313; x_wconf 85' lang='lat' dir='ltr'>conficiunt</span> <span class='ocrx_word' id='word_1_329' title='bbox 339 2282 525 2313; x_wconf 78' lang='lat' dir='ltr'>Lambinus</span> <span class='ocrx_word' id='word_1_330' title='bbox 634 2292 675 2321; x_wconf 84' lang='lat'>25</span> <span class='ocrx_word' id='word_1_331' title='bbox 700 2283 816 2314; x_wconf 85' lang='lat' dir='ltr'>codice</span> <span class='ocrx_word' id='word_1_332' title='bbox 830 2283 894 2315; x_wconf 89' lang='lat' dir='ltr'>cod.</span> <span class='ocrx_word' id='word_1_333' title='bbox 912 2283 1074 2315; x_wconf 81' lang='lat' dir='ltr'>Lambini</span> <span class='ocrx_word' id='word_1_334' title='bbox 1157 2285 1289 2323; x_wconf 86' lang='lat' dir='ltr'>digesta</span> <span class='ocrx_word' id='word_1_335' title='bbox 1307 2281 1401 2313; x_wconf 60' lang='lat'>12¹5:</span> 
     </span>
     <span class='ocr_line' id='line_1_37' title="bbox 75 2326 819 2366; baseline 0.003 -11"><span class='ocrx_word' id='word_1_336' title='bbox 75 2330 108 2356; x_wconf 84' lang='lat' dir='ltr'>et</span> <span class='ocrx_word' id='word_1_337' title='bbox 126 2326 257 2365; x_wconf 84' lang='lat' dir='ltr'>digesta</span> <span class='ocrx_word' id='word_1_338' title='bbox 274 2330 339 2357; x_wconf 83' lang='lat' dir='ltr'>cett.</span> <span class='ocrx_word' id='word_1_339' title='bbox 357 2337 364 2357; x_wconf 90' lang='lat'><strong>:</strong></span> <span class='ocrx_word' id='word_1_340' title='bbox 389 2326 493 2357; x_wconf 84' lang='lat' dir='ltr'>relata</span> <span class='ocrx_word' id='word_1_341' title='bbox 510 2331 543 2357; x_wconf 91' lang='lat' dir='ltr'>et</span> <span class='ocrx_word' id='word_1_342' title='bbox 562 2326 694 2366; x_wconf 88' lang='lat' dir='ltr'>digesta</span> <span class='ocrx_word' id='word_1_343' title='bbox 711 2326 819 2357; x_wconf 82' lang='lat' dir='ltr'>Halm</span> 
     </span>
    </p>
   </div>
  </div>
 </body>
</html>
