1716 2662
109 818 149 841 10

470 101 579 140 PRO
613 103 653 139 P.
686 102 968 149 QVINCl‘lo
999 104 1215 142 ORATIO
1472 106 1500 144 6
1523 121 1560 155 27

171 224 261 251 suas
277 211 532 252 condiciones
547 211 774 263 perducere,
789 224 873 251 sese
887 211 984 253 nihil
997 212 1145 264 precari
1160 220 1207 260 et,
1228 212 1258 252 si
1273 213 1368 264 quid
1388 228 1500 265 agere

171 276 272 326 velit,
296 276 442 317 iudicio
463 277 688 316 defendere.
731 278 846 316 Haec
866 278 962 316 dum
984 279 1138 317 Rornae
1158 285 1353 328 geruntur,
1379 279 1501 328 Quin·
1522 291 1560 321 28

171 341 269 380 ctius
286 342 433 382 interea
453 349 589 382 contra
609 341 680 390 ius,
703 341 1047 391 consuetudinem,
1063 342 1191 381 edicta
1208 351 1429 393 praetorum
1451 345 1501 384 de

169 408 269 446 saltu
289 421 461 458 agroque
481 406 685 446 communi
704 420 728 446 a
746 407 865 447 servis
885 407 1164 447 communibus
1185 408 1221 446 vi
1243 409 1473 449 detruditur.

223 472 424 520 Existima,
448 474 492 513 C.
516 471 663 523 Aquili,
686 474 808 512 modo
835 480 872 512 et
897 473 1047 512 ratione
1071 473 1205 512 onmia
1226 476 1380 513 Rornae
1403 477 1502 514 Nae·
1522 482 1544 520 7

168 537 275 577 vium
295 538 444 586 fecisse,
468 538 498 576 si
520 540 597 577 hoc
618 539 727 589 quod
748 550 817 589 per
837 538 982 577 litteras
1010 538 1119 578 istius
1141 539 1180 577 in
1202 540 1329 578 Gallia
1348 549 1500 591 gestum

167 611 226 642 est
257 611 360 642 recte
390 611 509 654 atque
552 602 691 642 ordine
732 604 878 642 factum
913 603 1076 642 videtur.
1148 605 1345 654 Expulsus
1383 614 1501 657 atque

167 668 314 708 eiectus
335 683 356 707 e
376 668 537 719 praedio
559 667 771 718 Quinctius
797 675 961 719 accepta
985 667 1127 719 insigni
1157 668 1296 708 iniuria
1325 671 1499 722 confugit

166 735 217 773 ad
245 735 289 774 C.
327 735 513 773 Flaccum
547 732 838 784 imperatorem,
870 733 937 784 qui
970 741 1064 772 tunc
1099 741 1180 772 erat
1212 734 1251 772 in
1287 735 1497 785 provincia,

167 812 297 850 quem,
319 806 361 837 ut
382 798 503 849 ipsius
524 797 693 849 dignitas
723 798 861 849 poscit,
885 798 1045 838 honoris
1074 799 1197 850 gratia
1224 800 1398 839 nomino.
1460 803 1499 840 Is

166 878 253 903 eam
274 878 355 903 rem
377 877 496 915 quam
516 865 770 903 vehementer
790 863 1071 903 vindicandam
1098 864 1242 915 putarit
1267 880 1312 904 ex
1333 866 1498 906 decretis

164 929 247 969 eius
268 929 443 980 poteritis
465 942 715 980 cognoscere.
774 930 940 969 Alfenus
961 929 1108 969 interea
1131 932 1285 978 Romae
1305 945 1394 970 cum
1423 931 1497 971 isto
1520 951 1557 982 29

163 994 377 1046 gladiatore
407 996 540 1033 vetulo
570 993 715 1032 cotidie
747 994 948 1044 pugnabat
964 1009 975 1042 3
1011 995 1193 1034 utebatur
1224 997 1373 1046 populo
1402 1010 1496 1035 sane

164 1073 246 1107 suo,
270 1068 475 1110 propterea
495 1059 604 1109 quod
629 1058 701 1097 iste
731 1066 848 1108 caput
878 1067 1010 1109 petere
1040 1073 1119 1098 non
1141 1059 1356 1099 desinebat.
1418 1063 1496 1100 Iste

164 1125 388 1176 postulabat
409 1132 450 1162 ut
472 1130 700 1175 procurator
730 1123 946 1162 iudicatum
973 1124 1069 1162 solvi
1098 1125 1189 1163 satis
1216 1126 1353 1173 daret3
1381 1134 1496 1177 negat

163 1191 328 1229 Alfenus
344 1203 516 1239 aequum
534 1203 618 1228 esse
633 1196 925 1239 procuratorem
943 1189 1034 1228 satis
1052 1191 1155 1236 dare,
1174 1192 1283 1240 quod
1304 1205 1390 1229 reus
1404 1192 1495 1230 satis

163 1256 255 1294 dare
286 1269 366 1293 non
387 1255 560 1302 deberet,
585 1254 616 1292 si
642 1254 725 1303 ipse
754 1256 920 1293 adesset.
980 1257 1242 1305 Appellantur
1272 1255 1444 1302 tribuni3
1473 1271 1495 1295 a

163 1320 306 1370 quibus
336 1334 426 1359 cum
457 1327 559 1358 esset
587 1326 736 1358 certum
764 1319 951 1358 auxilium
979 1320 1157 1370 petitum,
1190 1320 1242 1358 ita
1269 1328 1351 1359 tum
1373 1321 1494 1360 disce-

163 1385 267 1424 ditur
312 1393 353 1424 ut
403 1385 542 1424 Idibus
590 1385 888 1436 Septembribus
929 1388 971 1426 P.
1014 1386 1246 1435 Quinctium
1286 1386 1367 1424 sisti
1407 1390 1490 1426 Sex.

104 1468 118 1489 2
162 1452 326 1490 Alfenus
348 1451 600 1501 promitteret.

216 1516 335 1555 Venit
358 1518 529 1554 Romam
553 1515 778 1565 Quinctius,
795 1516 1065 1555 vadimonium
1088 1516 1196 1555 sistit.
1258 1519 1347 1564 Iste,
1372 1518 1492 1555 homo
1514 1502 1537 1539 8

161 1581 382 1629 acerrimus,
407 1582 601 1620 bonorum
633 1595 844 1632 possessor,
877 1583 1068 1632 expulsor,
1093 1590 1255 1632 ereptor,
1279 1597 1426 1621 annum
1455 1590 1493 1621 et
1513 1572 1554 1603 3⁰

161 1660 227 1685 sex
258 1646 402 1685 mensis
433 1646 529 1684 nihil
557 1647 664 1696 petit,
688 1647 864 1697 quiescit,
895 1646 1198 1685 condicionibus
1226 1648 1332 1685 hunc
1359 1648 1491 1697 quoad

161 1720 290 1762 potest
315 1713 507 1764 producit,
531 1727 553 1752 a
584 1715 656 1754 Cn.
682 1714 890 1752 Dolabella
919 1712 1092 1763 denique
1117 1721 1294 1762 praetore
1321 1715 1491 1763 postulat

102 1794 116 1814 2
160 1785 202 1816 ut
237 1777 309 1816 sibi
347 1778 556 1828 Quinctius
591 1779 807 1818 iudicatum
852 1777 948 1816 solvi
994 1777 1085 1815 satis
1120 1779 1186 1816 det
1219 1793 1264 1816 ex
1300 1779 1489 1817 formula:

159 1855 271 1887 QVOD
294 1856 344 1882 An
366 1857 418 1883 EO
440 1857 570 1883 ΡΕΤΑΤ
591 1857 739 1890 Qvoivs
761 1856 815 1882 Ex
837 1855 990 1882 EDICTO
1012 1855 1244 1881 PRAu'roms
1267 1855 1376 1882 BONA
1401 1856 1489 1881 miss

160 1919 246 1945 xxx
271 1920 461 1947 l’OSSl-LSSA
483 1922 588 1948 sir-⁷¹1:
650 1911 742 1948 Non
764 1909 968 1947 recusabat
987 1907 1196 1957 Quinctius
1214 1907 1307 1958 quin
1330 1907 1381 1946 ita
1398 1907 1488 1946 satis

159 1973 251 2011 dare
268 1973 477 2021 iuberetur,
495 1974 525 2012 si
542 1975 647 2013 bona
664 1987 843 2024 possessa
857 1981 985 2011 essent
1002 1987 1048 2011 ex
1061 1972 1202 2011 edicto.
1250 1972 1486 2011 Decernit--v

201 2088 219 2115 3
247 2078 355 2108 edicto
379 2078 422 2109 ΣΙ)
560 2089 579 2118 5
605 2079 703 2109 modo
721 2078 907 2118 Angelius:
933 2078 964 2108 id
983 2078 1080 2108 modo
1099 2076 1187 2108 (ΨΜ.
1336 2088 1351 2116 7
1378 2077 1482 2117 recte]

159 2122 288 2152 ratione
308 2122 355 2152 Bc
442 2122 593 2164 videtur]
620 2133 696 2153 csse
722 2122 876 2151 videatur
899 2134 931 2160 χ,
956 2122 996 2151 cd
1017 2121 1074 2151 R:
1108 2131 1182 2151 csse
1210 2120 1340 2151 videtui·
1365 2120 1489 2151 Msillcr

160 2164 208 2203 (tf
228 2164 393 2204 Zielinski,
408 2170 442 2205 p.
464 2168 537 2205 190]
693 2176 713 2204 9
738 2171 816 2195 tunc
843 2164 906 2195 Eb:
939 2169 1008 2194 tum
1028 2165 1082 2203 χίῗ
1248 2175 1283 2193 12
1309 2165 1436 2203 poteris
1453 2163 1481 2193 b'

161 2217 198 2246 15
224 2208 370 2247 postulat
389 2208 477 2240 codd.
496 2220 502 2238 :
528 2220 605 2241 corr.
626 2208 671 2240 cd.
692 2209 724 2239 Ix'
814 2208 926 2248 daret]
946 2209 1001 2238 det
1017 2208 1202 2238 Lambinus
1337 2208 1374 2237 18
1399 2207 1482 2245 tum]

158 2255 271 2282 tamen
290 2251 318 2290 b,
337 2252 469 2282 Ernesti
597 2263 638 2282 22
662 2261 897 2293 possessorum
916 2255 939 2282 Σ
1060 2253 1100 2281 226
1124 2251 1243 2290 quoius
1260 2250 1358 2280 Klots
1375 2250 1485 2290 (cuius-

157 2294 347 2325 stlaneetiusl
367 2307 373 2325 :
402 2296 560 2335 quoniam
579 2297 652 2326 eius
669 2295 757 2326 codd.
869 2294 1036 2334 praetoris
1054 2293 1108 2325 Σὺ]
1128 2305 1133 2323 :
1168 2294 1333 2332 praetoris
1352 2305 1395 2324 ro.
1417 2296 1480 2323 cers.

159 2347 198 2375 27
225 2338 291 2369 sint
310 2338 367 2368 ΣΒ
383 2350 389 2368 t
414 2344 489 2369 sunt
507 2343 570 2370 (cil.
730 2340 771 2369 28
796 2339 967 2369 iubcrctur
983 2338 1021 2377 ΕΓ,
1042 2337 1214 2368 Hotoman
1231 2348 1237 2367 :
1272 2338 1398 2368 iuberet
1416 2341 1479 2368 cell.

109 2418 112 2421 Ι
159 2381 306 2412 decrevit
322 2381 350 2411 [ι’
