1716 2662
124 898 141 928 5

107 1225 147 1248 10

108 1877 148 1898 20

427 327 496 374 M.
549 325 764 373 TVLLI
821 325 1221 372 CICERONIS

364 459 503 507 PRO
557 459 614 507 L.
664 458 950 506 FLACCO
1002 458 1293 506 ORATIO

216 622 311 660 CVM
351 621 391 659 in
430 619 608 658 maximis
653 619 833 669 periculis
872 619 988 657 huius
1027 620 1132 657 urbis
1176 627 1294 669 atque
1340 619 1487 670 imperi,
1515 661 1527 682 Ι

161 686 388 735 gravissimo
408 693 528 735 atque
551 683 805 722 acerbissimo
826 683 878 722 rei
906 683 1088 734 publicae
1115 697 1221 732 casu,
1243 684 1351 723 socio
1371 693 1490 735 atque

160 751 339 790 adiutore
372 749 626 789 consiliorum
661 748 1004 799 periculorumque
1039 763 1216 787 meorum
1254 751 1295 788 L.
1332 751 1487 796 Flacco,

162 817 325 856 caedem
372 829 395 854 a
441 815 564 862 vobis,
612 814 857 865 coniugibuS,
904 814 1035 852 liberis
1083 815 1229 862 vestris,
1270 814 1489 853 vastitatem

161 896 185 920 a
229 881 395 931 templis,
435 879 620 927 delubris,
661 880 767 926 urbe,
811 879 925 917 Italia
969 880 1230 929 depellebam‚
1270 879 1488 929 sperabam,

162 946 323 994 iudices,
357 945 517 984 honoris
556 945 688 996 potius
722 945 764 982 L.
800 943 930 982 Flacci
966 957 1029 982 me
1062 943 1282 982 adiutorem
1318 945 1491 982 futurum

162 1026 282 1063 quam
317 1010 560 1049 miseriarum
587 1011 895 1060 deprecatorem.
957 1010 1078 1058 Quod
1108 1009 1214 1048 enim
1249 1017 1350 1048 esset
1386 1023 1492 1060 prae-

163 1077 286 1115 mium
306 1076 505 1127 dignitatis
526 1076 634 1125 quod
656 1076 824 1126 populus
847 1076 1066 1122 Romanus,
1086 1088 1176 1113 cum
1199 1074 1313 1113 huius
1341 1075 1492 1114 maiori-

164 1143 237 1181 bus
276 1156 430 1193 semper
467 1141 681 1189 detulisset,
723 1141 814 1178 huic
854 1141 1074 1190 denegaret,
1111 1154 1201 1178 cum
1242 1142 1285 1178 L.
1328 1142 1492 1179 Flaccus

164 1216 337 1247 veterem
363 1206 544 1245 Valeriae
572 1206 698 1257 gentis
728 1205 768 1244 in
798 1206 1000 1244 liberanda
1030 1205 1153 1255 patria
1182 1207 1339 1244 laudem
1370 1219 1492 1256 prope

164 1273 480 1324 quingentesimo
508 1285 614 1310 anno
644 1271 697 1310 rei
727 1270 908 1322 publicae
938 1270 1179 1309 rettulisset?
1222 1272 1300 1309 Sed
1334 1271 1365 1309 si
1395 1272 1493 1309 forte

163 1337 378 1388 aliquando
404 1344 471 1375 aut
498 1335 666 1375 benefici
693 1335 807 1374 huius
837 1336 1076 1374 obtrectator
1105 1343 1171 1373 aut
1192 1336 1342 1374 virtutis
1370 1336 1493 1374 hostis

163 1410 230 1442 aut
254 1402 380 1442 laudis
407 1402 562 1442 invidus
591 1401 810 1448 exstitisset,
834 1400 1105 1439 existimabam
1135 1403 1178 1439 L.
1204 1403 1346 1440 Flacco
1367 1401 1494 1439 multi-

164 1468 311 1507 tudinis
341 1467 474 1518 potius
499 1466 714 1518 imperitae,
742 1468 851 1504 nullo
881 1474 1012 1504 tamen
1044 1480 1132 1504 cum
1164 1467 1354 1517 periculo,
1375 1480 1493 1517 quam

129 1532 545 1583 :sapientissimorum
578 1539 615 1570 et
650 1530 951 1569 lectissimorum
983 1530 1151 1568 virorum
1185 1531 1374 1569 iudicium
1409 1545 1494 1570 esse

165 1598 427 1636 subeundum.
501 1596 659 1634 Etenim
699 1595 841 1646 quibus
877 1595 1102 1633 auctoribus
1145 1594 1182 1633 et
1221 1596 1494 1634 defensoribus

165 1663 345 1702 omnium
373 1670 456 1701 tum
493 1663 596 1700 salus
631 1668 732 1700 esset
763 1675 842 1699 non
874 1660 1017 1699 civium
1050 1662 1175 1698 solum
1207 1674 1341 1699 verum
1376 1660 1494 1699 etiam

165 1728 341 1778 gentium
369 1729 532 1767 defensa
559 1741 606 1765 ac
635 1734 795 1773 retenta,
819 1725 1018 1764 neminem
1051 1739 1238 1775 umquam
1268 1726 1399 1776 putavi
1427 1739 1496 1776 per

166 1807 233 1831 eos
254 1792 359 1843 ipsos
381 1792 597 1842 periculum
619 1791 734 1829 huius
756 1791 919 1830 fortunis
941 1799 1060 1840 atque
1082 1790 1241 1828 insidias
1262 1798 1492 1828 creaturum.

168 1859 289 1906 Quod
319 1858 350 1896 si
380 1865 481 1896 esset
514 1857 728 1907 aliquando
757 1859 929 1895 futurum
966 1865 1006 1895 ut
1040 1856 1180 1906 aliquis
1216 1857 1265 1894 de
1298 1858 1340 1894 L.
1372 1857 1499 1894 Flacci

167 1922 338 1974 pernicie
383 1924 580 1972 cogitaret,
622 1937 838 1973 numquam
886 1931 1018 1961 tamen
1065 1919 1291 1966 existimavi,
1334 1919 1492 1966 iudices,

169 1989 216 2025 Ι).
243 1987 430 2035 Laelium,
453 1988 591 2038 optimi
612 1988 681 2026 viri
704 1989 837 2034 filium,
860 1988 1009 2038 optima
1030 1986 1157 2037 ipsum
1181 2000 1248 2036 spe
1276 1984 1494 2034 praeditum

167 2067 344 2091 summae
383 2053 593 2103 dignitatis,
627 2067 713 2092 eam
753 2061 1025 2102 suscepturum
1064 2050 1354 2089 accusationem
1396 2061 1496 2097 (luae

168 2119 443 2156 sceleratorum
483 2118 626 2156 civium
666 2117 796 2169 potius
835 2116 928 2156 odio
974 2124 1012 2155 et
1059 2115 1175 2153 furori
1217 2128 1334 2164 quam
1377 2112 1496 2162 ipsius

212 2233 230 2252 2
255 2222 286 2252 in
305 2222 502 2261 gravissimo
520 2221 630 2253 Baiter
771 2233 790 2261 4
816 2222 996 2260 liberisque
1015 2220 1153 2251 Grillttts
1173 2219 1281 2256 (Rha.
1300 2217 1349 2248 M.
1363 2221 1396 2256 p.
1415 2218 1495 2265 605)

167 2268 189 2297 6
212 2267 375 2296 honorum
393 2265 541 2296 Faernus
632 2275 669 2305 15
693 2270 728 2297 et
746 2265 1005 2296 lectissimorum
1024 2274 1089 2295 om.
1110 2262 1190 2293 Eblk
1279 2271 1320 2292 20
1346 2260 1455 2291 Flacci
1472 2270 1493 2299 ι,

168 2309 214 2340 ecl.
240 2309 290 2338 V:
314 2320 378 2339 om.
398 2312 464 2340 cctl.

1509 601 1525 628 1

1517 1287 1529 1307 2
