1747 2620
178 78 203 114 3
224 75 241 105 8
587 69 642 105 Μ.
677 68 845 105 TVLLI
879 66 1186 106 CICERONIS

222 180 302 220 filio
323 180 548 231 diligentius
569 181 892 231 respondendum
922 181 1010 218 est?
1044 192 1161 229 quem
1191 178 1242 217 ab
1272 179 1348 217 hoc
1368 185 1551 217 necatum

222 259 307 284 esse
355 246 496 293 dixisti,
547 260 637 284 cum
689 246 740 284 ad
789 244 909 283 iudici
958 258 1108 283 moram
1157 243 1354 282 familiaris
1406 242 1552 281 funeris

221 312 420 350 excusatio
441 319 699 361 quaereretur.
742 310 851 359 Quid
873 310 977 349 enim
999 318 1057 349 est
1080 318 1159 348 tam
1180 309 1259 348 veri
1286 309 1412 348 simile
1433 322 1551 358 quam

221 377 410 415 cariorem
438 376 530 415 huic
557 375 699 415 sororis
732 375 914 415 maritum
946 390 1064 426 quam
1095 375 1236 414 sororis
1266 374 1390 413 filium
1421 373 1549 420 fuisse,

220 449 338 492 atque
378 441 430 480 ita
469 440 657 480 cariorem
698 449 740 480 ut
778 443 874 480 alter
908 440 986 480 vita
1020 440 1289 479 crudelissime
1327 439 1550 490 privaretur,
1574 450 1590 481 5

220 521 311 545 cum
332 506 440 545 alteri
462 508 513 545 ad
534 505 796 557 prolationem
820 506 939 545 iudici
963 505 1129 545 biduum
1155 507 1433 556 quaereretur?
1488 506 1552 542 An

220 573 270 611 de
310 572 428 611 servis
468 571 605 610 alienis
645 579 782 610 contra
816 573 942 622 legem
984 570 1147 610 Fabiam
1188 569 1359 618 retentis,
1395 577 1462 609 aut
1503 571 1553 608 de

220 637 370 676 civibus
418 637 610 676 Romanis
655 644 791 676 contra
835 638 961 687 legem
1009 636 1187 675 Porciam
1233 635 1444 675 verberatis
1486 642 1554 673 aut

219 702 368 741 necatis
396 704 507 753 plura
536 702 707 741 dicenda
736 710 837 750 sunt,
870 716 961 741 cum
992 709 1101 740 tanto
1129 703 1260 740 studio
1291 702 1334 741 C.
1369 700 1553 739 Rabirius

219 767 338 806 totius
382 768 563 819 Apuliae,
615 768 799 818 singulari
847 769 1050 807 voluntate
1094 767 1337 818 Campaniae
1381 775 1551 813 ornetur,
1577 779 1611 801 10

218 847 388 883 cumque
436 835 487 872 ad
540 833 622 872 eius
671 835 983 883 propulsandum
1037 832 1254 884 periculum
1302 846 1383 871 non
1432 833 1553 871 modo

218 899 400 938 homines
435 900 505 938 sed
537 913 659 949 prope
692 898 869 949 regiones
903 898 1010 950 ipsae
1051 898 1316 945 convenerint,
1350 897 1553 948 aliquanto

216 964 334 1003 etiam
374 964 488 1003 latius
527 964 716 1003 excitatae
755 978 874 1015 quam
914 964 1036 1015 ipsius
1074 964 1282 1003 vicinitatis
1322 977 1467 1002 nomen
1506 977 1553 1001 ac

217 1029 372 1068 termini
404 1030 688 1086 postulabant?
746 1031 849 1068 Nam
886 1029 983 1081 quid
1016 1043 1088 1080 ego
1121 1031 1172 1068 ad
1211 1029 1251 1068 id
1283 1031 1441 1080 longam
1473 1043 1554 1067 ora-

216 1094 365 1134 tionem
391 1109 617 1145 comparem
651 1096 759 1146 quod
790 1103 847 1134 est
883 1095 921 1133 in
953 1096 1093 1134 eadem
1130 1096 1276 1134 multae
1307 1094 1551 1145 inrogatione
1575 1108 1610 1139 15

216 1159 510 1210 praescriptum,
571 1161 676 1198 hunc
735 1174 809 1199 nec
864 1174 957 1199 suae
1008 1174 1081 1199 nec
1135 1160 1286 1198 alienae
1339 1159 1552 1210 pudicitiae

177 1245 195 1276 9
216 1226 466 1277 pepercisse?
525 1225 633 1275 Quin
665 1225 783 1264 etiam
816 1225 993 1276 suspicor
1026 1240 1074 1264 eo
1104 1225 1200 1264 mihi
1233 1224 1470 1264 semihoram
1500 1226 1550 1264 ab

217 1290 395 1329 Labieno
416 1290 685 1341 praestitutam
708 1304 792 1329 esse
814 1298 855 1328 ut
877 1305 926 1329 ne
948 1292 1058 1340 plura
1078 1292 1128 1329 de
1148 1290 1339 1341 pudicitia
1364 1289 1547 1329 dicerem.

216 1358 320 1404 Ergo
349 1358 400 1395 ad
431 1358 528 1395 haec
553 1356 715 1394 crimina
743 1370 843 1406 quae
874 1356 1027 1406 patroni
1055 1355 1297 1406 diligentiam
1326 1355 1550 1395 desiderant

216 1421 407 1471 intellegis
430 1421 523 1459 mihi
546 1421 783 1460 semihoram
806 1421 920 1460 istam
942 1421 1108 1460 nimium
1130 1423 1287 1472 longam
1310 1421 1438 1460 fuisse.
1571 1429 1613 1452 20

271 1489 384 1525 Illam
414 1489 575 1526 alteram
606 1495 756 1537 partem
787 1488 838 1526 de
868 1501 965 1526 nece
996 1487 1340 1532 Saturninixnimis
1371 1488 1547 1538 exiguam

213 1560 332 1602 atque
359 1560 564 1603 angustam
590 1566 674 1591 esse
700 1552 880 1601 voluisti3
915 1566 1016 1603 quae
1046 1566 1126 1591 non
1158 1553 1320 1591 oratoris
1350 1552 1550 1603 ingenium

158 1638 195 1660 10
215 1619 283 1657 sed
305 1618 477 1656 consulis
498 1618 685 1656 auxilium
708 1618 889 1668 implorat
913 1626 950 1657 et
971 1618 1129 1668 flagitat.
1180 1620 1283 1656 Nam
1305 1619 1355 1657 de
1375 1619 1552 1669 perduel-

214 1683 328 1722 lionis
361 1683 518 1730 iudicio,
557 1685 665 1733 quod
700 1698 723 1722 a
757 1698 819 1722 me
861 1685 1058 1723 sublatum
1091 1698 1175 1722 esse
1210 1683 1404 1722 criminari
1436 1686 1548 1731 soles,

215 1763 346 1787 meum
382 1748 528 1787 crimen
569 1756 636 1795 est,
679 1762 758 1787 non
798 1748 944 1787 Rabiri.
1005 1750 1126 1798 Quod
1165 1749 1326 1796 utinam,
1365 1749 1548 1798 Quirites,
1574 1762 1610 1794 25

214 1828 287 1864 ego
308 1813 347 1852 id
368 1821 434 1852 aut
462 1813 609 1863 primus
640 1822 706 1852 aut
733 1816 838 1853 solus
867 1830 913 1854 ex
935 1816 1009 1853 hac
1030 1828 1069 1852 re
1097 1814 1256 1864 publica
1283 1815 1550 1853 sustulissem!

214 1879 363 1917 utinam
399 1880 487 1925 hoc,
528 1880 636 1928 quod
678 1879 740 1918 ille
783 1881 930 1920 crimen
973 1895 1057 1920 csse
1089 1882 1180 1927 volt,
1215 1880 1414 1930 proprium
1450 1880 1552 1919 testi-

214 1944 392 1983 monium
415 1957 525 1983 meae
552 1945 678 1983 laudis
703 1954 814 1985 esset.
877 1947 985 1996 Quid
1008 1947 1112 1986 enim
1144 1946 1267 1997 optari
1290 1953 1418 1996 potest
1443 1947 1550 1996 quod

214 2023 287 2059 ego
315 2011 471 2048 mallem
495 2024 614 2060 quam
639 2025 702 2049 me
724 2011 762 2049 in
788 2014 994 2052 consulatu
1018 2027 1107 2052 meo
1135 2012 1357 2051 carnificem
1380 2012 1430 2050 de
1454 2012 1548 2057 foro,

258 2125 319 2154 3-4
346 2120 411 2146 tam
430 2120 459 2146 cl
474 2128 573 2157 quam
599 2117 656 2148 dcl.
680 2118 844 2149 Garatoni
983 2120 1004 2149 6
1029 2129 1103 2150 cum
1121 2119 1178 2150 dcl.
1201 2119 1388 2151 Lambinus
1477 2125 1551 2155 pro-

215 2158 371 2189 lationem
391 2159 431 2190 Ω2
447 2184 453 2191 .
484 2161 717 2199 probationem
738 2166 801 2193 ccll.
979 2164 998 2192 8
1023 2164 1095 2197 autl
1115 2164 1210 2194 etc1k
1391 2173 1430 2193 10
1454 2160 1550 2191 Cam-

215 2202 350 2241 paniae]
383 2204 562 2235 vicinitatis
595 2205 750 2239 (civitatis
782 2206 837 2244 μὸῇ
871 2204 944 2236 add.
976 2202 1168 2245 codd.‚'dcl.
1203 2207 1286 2238 Beck
1320 2207 1372 2247 (cf
1406 2217 1434 2237 v.
1473 2210 1550 2242 13³:

215 2246 409 2285 Campanae
426 2248 608 2279 vicinitatis
627 2247 802 2281 Illanutt'us
937 2259 974 2288 15
1000 2250 1123 2281 multae
1140 2251 1191 2283 Εἷς
1216 2251 1319 2282 multa
1336 2255 1403 2282 cell.
1513 2249 1550 2277 16

216 2292 437 2331 perscriptum
481 2290 657 2324 Manutius
833 2295 874 2324 26
906 2293 938 2324 id
979 2292 1035 2326 dcl.
1069 2294 1153 2326 Beck
1330 2305 1370 2334 27
1404 2292 1547 2333 utinam]

217 2338 252 2364 ut
271 2336 317 2375 pk
