1716 2662
420 89 530 129 PRO
561 91 609 128 A.
641 89 892 129 CAECINA
923 89 1139 128 ORATIO
1394 89 1440 129 18
1463 104 1502 138 53

116 201 251 253 Quid?
280 201 408 241 verbis
435 203 510 241 hoc
532 201 622 240 satis
650 208 730 240 erat
755 204 944 241 cautum?
1001 200 1180 240 Minime.
1241 202 1355 250 Quae
1380 214 1440 240 res

114 267 226 318 igitur
246 268 394 307 valuit?
450 268 654 315 Voluntas,
678 281 780 318 quae
800 268 831 306 si
859 266 985 306 tacitis
1013 266 1127 306 nobis
1156 266 1328 318 intellegi
1354 280 1441 318 pos-

114 342 182 381 set,
204 332 330 372 verbis
360 333 524 371 omnino
554 346 634 371 non
665 340 863 371 uteremur
877 346 888 380 5
926 333 1017 383 quia
1047 344 1127 370 non
1158 338 1298 382 potest,
1322 331 1441 370 verba

114 406 263 450 reperta
289 405 390 445 sunt,
414 411 494 436 non
522 411 623 448 quae
651 396 887 447 impedirent
915 397 984 436 sed
1006 410 1107 447 quae
1138 396 1356 436 indicarent
1377 410 1440 435 vo-

77 474 94 505 5
114 464 317 502 luntatem.
370 464 452 501 Lex
473 476 588 500 usum
610 470 647 501 et
667 462 941 501 auctoritatem
966 461 1077 501 fundi
1099 462 1207 500 iubet
1229 475 1313 500 esse
1334 461 1442 500 bien-

113 527 250 575 nium;
280 534 318 565 at
345 526 490 565 utimur
517 528 659 565 eodem
686 526 767 565 iure
794 526 834 565 in
861 527 1038 573 aedibus,
1063 539 1164 576 quae
1188 527 1228 564 in
1248 527 1332 577 lege
1360 540 1441 565 non

113 593 373 642 appellantur.
433 591 473 630 Si
500 591 561 630 via
582 591 630 630 sit
658 590 880 639 immunita,
901 591 1009 629 iubet
1037 604 1114 641 qua
1137 590 1229 629 velit
1254 604 1368 641 agere
1389 590 1442 629 iu-

115 664 316 704 mentum3
346 664 474 706 potest
496 656 571 694 hoc
592 670 638 694 ex
658 655 751 706 ipsis
768 656 895 694 verbis
918 655 1100 706 intellegi,
1120 654 1245 702 licere,
1269 654 1300 694 si
1317 656 1377 694 via
1394 655 1443 694 sit

115 720 154 759 in
176 721 336 760 Bruttiis
358 721 575 774 immunita,
598 735 712 772 agere
733 720 764 759 si
786 722 877 760 velit
901 722 1119 760 iumentum
1143 735 1210 772 per
1228 722 1283 759 Μ.
1307 721 1442 760 Scauri

59 802 96 824 10
114 787 396 825 Tusculanum.
447 788 565 826 Actio
586 794 643 825 est
664 786 703 825 in
725 794 925 825 auctorem
947 794 1192 837 praesentem
1214 785 1273 825 his
1294 785 1418 826 verbis
1436 800 1443 824 ε

118 855 397 897 ‘QVANDOQVE
421 864 472 890 TE
499 865 543 890 IN
572 864 672 890 IVRE
699 854 941 891 corzsmcro!
1002 854 1092 891 Hac
1112 851 1268 890 actione
1289 851 1443 902 Appius

115 915 179 956 ille
201 917 353 957 Caecus
375 916 431 955 uti
452 931 533 955 non
554 925 697 968 posset,
721 918 751 955 si
774 918 827 955 ita
847 917 886 956 in
908 917 990 956 iure
1013 916 1194 956 homines
1215 917 1333 956 verba
1354 929 1442 955 con-

115 989 355 1020 sectarentur
369 989 411 1020 ut
431 995 512 1021 rem
534 981 644 1020 cuius
661 995 779 1021 causa
795 982 913 1021 verba
934 990 1024 1021 sunt
1042 996 1122 1021 non
1140 981 1443 1021 considerarent.

116 1046 374 1084 Testamento
395 1045 426 1084 si
451 1045 633 1084 recitatus
655 1047 766 1085 heres
788 1055 891 1085 esset
912 1047 1083 1097 pupillus
1107 1046 1313 1086 Cornelius
1334 1046 1446 1097 isque

57 1126 94 1158 15
116 1109 193 1148 iam
213 1124 340 1150 annos
360 1123 418 1150 xx
439 1111 610 1158 haberet,
634 1111 746 1150 vobis
771 1111 1047 1163 interpretibus
1077 1112 1272 1151 amitteret
1295 1110 1445 1151 heredi-

1469 440 1513 477 19

1469 502 1507 532 54

116 1183 246 1214 tatem.
306 1176 482 1215 Veniunt
520 1176 560 1214 in
595 1184 769 1215 mentem
804 1176 900 1215 mihi
936 1179 1139 1228 permulta,
1175 1177 1287 1216 vobis
1321 1177 1442 1227 plura,
1465 1184 1506 1218 55

115 1249 222 1280 certo
242 1240 335 1280 scio.
396 1243 544 1280 Verum
569 1255 620 1280 ne
644 1241 810 1280 nimium
838 1243 962 1281 multa
989 1244 1302 1294 complectamur
1326 1249 1446 1292 atque

115 1305 164 1343 ab
182 1319 229 1346 eo
246 1306 355 1357 quod
375 1306 620 1357 propositum
638 1313 696 1345 est
716 1307 869 1357 longius
889 1307 1042 1347 aberret
1063 1308 1198 1355 oratio,
1217 1308 1294 1346 hoc
1314 1305 1444 1358 ipsum

116 1368 367 1410 interdictum
389 1384 469 1422 quo
497 1372 547 1410 de
568 1370 694 1421 agitur
721 1371 1017 1411 consideremus
1033 1387 1042 1421 ς
1077 1371 1309 1423 intellegetis
1337 1371 1443 1412 enim

58 1452 96 1474 20
117 1434 156 1473 in
177 1449 224 1474 eo
246 1436 342 1486 ipso,
365 1435 395 1474 si
426 1435 465 1474 in
486 1435 613 1474 verbis
644 1435 703 1473 ius
733 1436 1030 1484 constituamus,
1054 1451 1214 1477 omnem
1236 1436 1443 1476 utilitatem

116 1513 188 1538 nos
223 1501 338 1540 huius
373 1500 580 1548 interdicti,
612 1501 708 1539 dum
740 1502 884 1541 versuti
918 1509 957 1541 et
987 1501 1118 1542 callidi
1149 1501 1313 1541 velimus
1345 1514 1441 1549 esse,

115 1564 339 1605 amissuros.
419 1567 566 1604 ‘VNDE
609 1577 661 1603 Tv
699 1577 780 1606 AVT
830 1578 1004 1606 FAMILIA
1042 1579 1123 1607 AVT
1168 1578 1445 1607 PROCVRATOR

116 1632 242 1670 Tvvs.'
311 1631 350 1670 Si
386 1645 449 1671 me
481 1630 617 1669 vilicus
653 1638 742 1669 tuus
777 1632 883 1671 solus
925 1631 1144 1679 deiecisset,
1179 1645 1261 1671 non
1299 1631 1446 1670 familia

117 1695 337 1750 deiecisset,
357 1704 400 1735 ut
429 1696 580 1747 opinor,
605 1696 674 1735 sed
708 1695 849 1747 aliquis
879 1698 929 1736 de
958 1696 1116 1737 familia.
1175 1698 1302 1737 Recte
1330 1696 1446 1747 igitur

58 1777 96 1809 ²5
117 1760 266 1802 diceres
287 1770 326 1800 te
346 1761 587 1802 restituisse?
635 1760 795 1812 Quippe
810 1776 820 1810 3
849 1761 945 1813 quid
962 1762 1068 1803 enim
1084 1762 1234 1803 facilius
1251 1769 1310 1802 est
1326 1776 1444 1814 quam

165 1872 177 1893 1
205 1864 267 1894 hoc
284 1864 366 1895 satis
383 1869 454 1894 erat
472 1868 599 1894 cautum
626 1862 701 1893 TE:
728 1864 810 1895 satis
832 1865 894 1896 hoc
918 1870 1049 1897 cautum
1070 1870 1142 1897 erat
1166 1865 1264 1904 εΜμε
1290 1865 1352 1897 hoc
1370 1876 1446 1896 cau-

116 1910 185 1937 tum
202 1913 274 1938 erat
294 1909 372 1947 (om.
392 1912 463 1938 erat
479 1908 517 1948 k)
534 1907 616 1938 satis
633 1906 663 1938 ⁶,-
788 1918 807 1938 2
832 1909 939 1947 possit
961 1909 991 1940 T
1105 1919 1124 1950 5
1144 1914 1176 1940 et
1194 1908 1253 1939 del.
1273 1908 1446 1940 Hotoman

116 1952 137 1981 8
164 1950 246 1990 ipsis
275 1951 324 1982 T:
358 1962 423 1982 om.
443 1954 506 1982 cett.
663 1960 683 1989 9
705 1949 862 1993 Bruttiis]
888 1952 1019 1983 Brittiis
1046 1952 1136 1993 (bry-
1157 1952 1204 1987 E]
1230 1951 1294 1990 TE,
1324 1952 1447 1982 Klotz:

118 1995 235 2026 brutiis
253 1993 316 2024 M:
349 1994 475 2025 brictiis
496 1994 538 2025 M
556 2005 635 2035 mg,
655 2004 677 2030 μ
700 1994 751 2034 (cf.
772 1994 972 2035 llsommsem
998 1995 1166 2027 Unteriial.
1189 1995 1292 2033 Dial„
1312 2000 1346 2035 p.
1367 1997 1445 2035 252)

121 2049 155 2069 11
184 2038 316 2077 quando
332 2038 522 2078 Naugerius
539 2039 604 2078 (2),
621 2037 658 2077 cf
680 2036 770 2068 Adur.
785 2040 827 2069 26
930 2049 968 2070 12
993 2040 1038 2070 ita
1054 2039 1087 2070 in
1103 2040 1173 2069 iure
1192 2038 1331 2079 llladvt'g
1346 2049 1352 2068 :
1379 2043 1445 2069 tam

118 2093 197 2113 vere
215 2080 304 2112 codd.
321 2092 328 2112 z
349 2081 431 2120 sort.
452 2086 517 2112 tam
536 2088 671 2112 versute
832 2092 870 2122 13
895 2087 929 2113 ut
952 2082 1030 2113 TE:
1062 2093 1160 2122 quam
1179 2085 1244 2112 cett.
1351 2081 1445 2122 sunt]

118 2127 185 2156 sint
202 2123 270 2155 El:
294 2135 358 2155 om.
386 2124 415 2155 T
588 2135 624 2163 17
651 2130 745 2157 certo
770 2125 866 2156 TEa:
895 2131 985 2156 certe
1003 2130 1067 2156 cett.
1247 2127 1284 2156 18
1310 2129 1399 2156 erret
1422 2125 1452 2155 T

121 2179 159 2207 19
184 2179 248 2208 quo
274 2169 315 2198 de
341 2168 395 2199 E:
429 2169 517 2208 quod
542 2179 582 2200 ea
612 2168 653 2200 T:
689 2170 730 2200 de
755 2179 821 2208 quo
846 2173 908 2200 cett.
1016 2169 1202 2208 intelligitis
1227 2168 1333 2200 codd:
1365 2179 1444 2199 corr.

116 2212 309 2253 Naugerius
329 2212 378 2251 (ι)
523 2222 565 2243 20
589 2212 656 2253 ius]
684 2213 790 2252 ipsius
822 2213 870 2243 T:
904 2213 1000 2243 istius
1025 2213 1065 2242 k:
1090 2212 1172 2253 ipsis
1198 2214 1247 2243 ius
1271 2212 1446 2243 Lehmann

118 2256 215 2286 utilit.
234 2265 366 2286 omnem
391 2255 421 2286 T
548 2266 586 2286 21
613 2256 754 2286 velimus
778 2255 854 2286 TE:
879 2256 1033 2287 volumus
1051 2260 1116 2288 cett.
1262 2266 1303 2296 23
1327 2256 1447 2286 vilicus

123 2299 169 2330 T:
195 2299 323 2330 villicus
340 2302 404 2329 cett.
550 2309 590 2338 25
617 2300 805 2330 restituisse
829 2300 863 2337 T,
881 2300 1072 2340 Naugerius
1092 2300 1143 2341 (ι)
1161 2311 1167 2330 :
1193 2299 1359 2331 restitisse
1377 2303 1442 2330 cell.
