1716 2662
491 94 550 131 IN
584 94 624 131 L.
659 94 907 132 PISONEM
940 94 1157 133 ORATIO
1434 105 1484 142 34
1505 100 1547 140 83

157 203 334 242 subicere
365 204 534 253 gestiret,
557 205 627 243 sed
659 203 693 242 ei
727 203 884 243 medico
916 217 1035 254 quem
1066 210 1197 242 tecum
1228 210 1269 242 tu
1299 205 1488 243 eduxeras

157 268 355 319 imperasti
389 275 431 306 ut
465 282 583 307 venas
623 268 794 307 hominis
830 267 1046 316 incideret3
1086 281 1177 307 cum
1218 269 1379 318 quidem
1419 266 1488 306 tibi
1509 276 1549 317 84

157 333 275 372 etiarn
295 333 470 372 accessio
490 333 562 371 fuit
582 334 632 372 ad
654 347 793 372 necem
817 333 980 372 Platoris
1005 335 1208 372 Pleuratus
1239 333 1321 372 eius
1343 346 1487 379 comes,

158 412 276 449 quem
324 398 473 436 necasti
521 398 747 437 verberibus
796 412 950 437 summa
999 406 1201 437 senectute
1249 399 1486 437 confectum.

119 480 136 511 5
160 464 354 513 Idemque
388 471 429 501 tu
467 463 756 510 Rabocentum,
781 463 964 502 Bessicae
990 462 1117 513 gentis
1146 462 1375 514 principem,
1398 477 1488 502 cum

159 536 196 567 tc
217 528 398 567 trecentis
420 528 574 567 talentis
599 528 676 578 regi
699 528 814 578 Cotyi
829 528 1084 576 vendidisses,
1107 528 1231 567 securi
1253 528 1487 578 percussisti,

158 606 248 631 cum
288 592 351 632 ille
382 594 432 631 ad
465 600 502 631 te
535 594 683 643 legatus
716 592 755 631 in
795 601 919 632 castra
958 593 1127 632 venisset
1162 601 1200 633 et
1240 594 1309 632 tibi
1349 608 1490 645 magna

158 658 352 709 praesidia
390 665 427 696 et
461 658 602 697 auxilia
640 672 663 696 a
702 658 832 697 Bessis
872 658 1049 709 pediturn
1090 659 1346 710 equitumque
1380 660 1489 710 polli-

158 730 319 770 ceretur,
351 736 481 773 neque
515 736 606 761 eum
638 724 766 761 solum
799 724 868 762 sed
903 722 1020 761 etiam
1055 731 1205 763 ceteros
1240 726 1387 775 legatos
1421 725 1488 776 qui

102 802 139 824 10
159 787 274 825 simul
303 795 514 835 venerant3
554 801 721 838 quorum
758 787 935 826 omnium
968 788 1096 838 capita
1129 789 1208 839 regi
1247 791 1361 839 Cotyi
1400 804 1489 829 ven-

159 852 304 891 didisti.
378 853 610 900 DenseletiS‚
652 867 754 904 quae
793 854 901 893 natio
942 867 1096 905 semper
1139 855 1356 894 oboediens
1396 855 1488 894 huic

158 917 322 968 imperio
349 918 467 957 etiam
488 917 528 956 in
549 918 613 956 illa
633 918 812 957 omnium
836 919 1090 958 barbarorum
1112 920 1335 959 defectione
1357 923 1489 960 Mace-

159 984 320 1021 doniam
354 984 397 1022 C.
416 983 553 1021 Sentio
584 991 762 1034 praetore
797 991 921 1022 tutata
952 992 1021 1031 est,
1050 984 1241 1023 nefarium
1272 986 1420 1024 bellum
1450 993 1489 1025 et

159 1049 316 1086 crudele
350 1047 526 1102 intulisti,
558 1048 694 1099 eisque
720 1062 811 1087 cum
847 1049 1083 1088 fidelissimis
1116 1049 1230 1089 sociis
1252 1050 1306 1089 uti
1339 1064 1487 1101 posses,

102 1126 139 1159 15
158 1113 338 1152 hostibus
368 1103 423 1152 uti
449 1113 645 1152 acerrimis
672 1114 852 1152 maluisti.
932 1116 993 1153 Ita
1020 1123 1230 1166 perpetuos
1260 1117 1487 1156 defensores

159 1178 422 1217 Macedoniae
453 1186 654 1217 vexatores
686 1193 732 1217 ac
766 1180 1016 1230 praedatores
1051 1180 1244 1229 effecisti,
1287 1182 1490 1232 vectigalia

159 1252 290 1282 nostra
319 1243 604 1294 perturbarunt,
627 1244 743 1283 urbes
774 1252 973 1295 ceperunt,
996 1253 1195 1284 vastarunt
1214 1260 1337 1297 agros,
1361 1247 1489 1286 socios

159 1316 312 1348 nostros
356 1308 394 1347 in
441 1308 665 1348 servitutem
708 1309 970 1357 abduxerunt,
1008 1310 1172 1349 familias
1220 1311 1485 1362 abripuerunt,

158 1387 278 1424 pecus
312 1374 536 1424 abegerunt,
568 1374 945 1422 Thessalonicensis,
979 1389 1070 1413 cum
1100 1378 1143 1413 de
1170 1376 1319 1426 oppido
1351 1378 1486 1427 despe-

102 1456 141 1478 20
159 1447 318 1486 rassent,
355 1439 505 1478 munire
539 1454 669 1478 arcem
696 1431 926 1489 coegerunt.
989 1442 1023 1478 A
1056 1448 1092 1479 te
1122 1440 1226 1479 Iovis
1248 1441 1329 1479 Vrii
1352 1443 1483 1481 sanum

157 1504 474 1555 antiquissimum
505 1505 759 1544 barbarorum
788 1505 1159 1555 sanctissimumque
1190 1506 1383 1556 direptum
1416 1516 1484 1546 est.

159 1571 246 1608 'l'ua
277 1572 423 1609 scelera
453 1569 492 1610 di
524 1570 765 1609 immortales
793 1571 832 1608 in
860 1579 1013 1609 nostros
1042 1570 1183 1609 milites
1209 1571 1489 1622 expiaverunt,

159 1634 225 1684 qui
247 1649 336 1673 cum
358 1649 462 1674 novo
482 1649 623 1685 genere
653 1635 780 1674 morbi
801 1636 1079 1686 adfligerentur
1106 1650 1234 1686 neque
1256 1650 1296 1675 se
1317 1651 1488 1677 recreare

160 1699 368 1750 quisquam
389 1708 532 1751 posset,
555 1700 622 1751 qui
643 1702 765 1739 semel
786 1700 997 1749 incidisset,
1021 1701 1228 1741 dubitabat
1252 1715 1369 1741 nenio
1394 1703 1488 1753 quin

102 1779 140 1811 ²5
160 1765 292 1804 violati
332 1766 516 1816 hospites,
553 1766 668 1816 legati
708 1766 847 1814 necati,
884 1766 1011 1817 pacati
1049 1775 1168 1818 atque
1207 1767 1302 1806 socii
1342 1769 1488 1808 nefario

161 1830 265 1869 bello
297 1830 475 1877 lacessiti,
513 1832 602 1869 sana
637 1839 774 1869 vexata
813 1833 915 1870 lianc
956 1839 1103 1870 tantam
1143 1832 1339 1870 efficerent
1379 1834 1487 1871 vasti-

160 1904 290 1934 tatem.
329 1896 545 1947 Cognoscis
566 1909 613 1934 ex
633 1896 823 1947 particula
843 1911 959 1948 parva
980 1898 1169 1936 scelerum
1192 1905 1229 1936 et
1250 1898 1488 1937 crudelitatis

160 1968 248 1999 tuae
268 1974 390 2011 genus
412 1961 649 2000 universum.

1504 1419 1556 1459 35

1507 1473 1548 1512 85

209 2083 218 2102 1
242 2072 291 2112 tu]
310 2077 378 2102 tum
399 2071 530 2103 Ilalm:
554 2072 612 2104 del.
632 2072 824 2113 Naugerius
863 2074 892 2104 1'1
1132 2084 1150 2102 2
1175 2073 1307 2111 quidem
1328 2074 1346 2106 ι’,
1367 2074 1411 2104 cd.
1438 2074 1487 2104 l':

162 2116 314 2154 equidem
333 2115 421 2146 codd.
577 2118 598 2146 6
623 2121 654 2146 tc
672 2117 730 2146 dcl.
754 2117 942 2147 Mammam
1049 2118 1147 2155 Cotyi
1170 2117 1351 2146 Garatom:
1376 2118 1485 2147 (oddo

162 2159 304 2190 <cot-cho
321 2170 335 2188 ι·
367 2158 453 2189 codd.
623 2161 643 2189 8
667 2165 699 2189 ct
717 2160 854 2199 auxiliaj
873 2161 997 2190 auxilia
1016 2161 1068 2192 lic.
1089 2161 1147 2190 ‹lt-l.
1168 2160 1282 2189 [ἰωὴ-ν
1450 2172 1487 2191 ιο

161 2203 286 2233 coccho
305 2203 435 2242 (cottlio
454 2202 492 2241 E,
514 2203 621 2232 cocldo
638 2202 688 2231 M'ss
723 2203 808 2233 codd.
828 2215 833 2232 ς
860 2214 935 2233 sorr.
957 2204 1116 2232 (iamlam
1211 2214 1245 2232 ιι]
1273 2204 1485 2234 mast—donica

162 2246 224 2278 l-ia
242 2245 291 2275 Ν,
309 2245 396 2275 codd.
416 2257 422 2275 ;
448 2256 524 2276 (ωψ.
547 2247 709 2288 (iat-aton(
864 2258 900 2283 ιζ),
926 2249 961 2276 C.
982 2247 1098 2276 Scurio
1119 2258 1148 2286 p.
1175 2247 1209 2275 Κ.
1230 2246 1292 2276 lic:
1319 2248 1356 2277 C.
1375 2248 1486 2277 sextio

162 2290 257 2329 <dum
279 2289 342 2324 ils-¹2:
362 2292 427 2319 [cll.
622 2291 659 2320 16
684 2291 902 2328 praedatores
920 2290 967 2319 li:
994 2291 1180 2328 perditust-s
1194 2294 1257 2320 ιϊΙΙ.
1451 2292 1485 2320 18

161 2333 375 2372 arripucrunt
393 2332 478 2363 codd.
496 2344 501 2362 z
529 2343 607 2363 corr.
629 2332 802 2363 Ilolomrm
947 2344 983 2372 19
1008 2335 1048 2363 dc
1065 2333 1212 2373 snsvplcvt'
1350 2343 1391 2364 20
1416 2334 1483 2363 Vrii

167 2376 352 2407 Turnebus:
379 2376 505 2407 vclsuri
525 2375 611 2408 codd.
782 2386 821 2415 23
851 2386 936 2408 novo
955 2377 1091 2408 Malla:
1118 2387 1183 2408 uno
1201 2376 1288 2409 codd.
1445 2388 1484 2415 24

159 2419 257 2451 simul
275 2418 346 2460 Εεφ
