1716 2662
397 86 508 124 PRO
540 87 586 123 A.
619 85 869 123 CAECINA
900 84 1117 123 ORATIO
1388 93 1416 131 9
1438 98 1476 131 24

91 207 210 239 testes
239 199 335 250 quid
364 198 503 237 aiunt?
559 199 600 236 P.
623 196 801 244 Venistis,
824 195 1068 247 propinquus
1095 195 1252 244 Aebuti,
1276 210 1317 235 se
1347 198 1421 235 Ae-

92 266 205 304 butio
232 278 322 303 cum
352 263 510 302 armatis
541 262 659 301 servis
683 262 838 300 venisse
866 263 1115 300 advocatum.
1176 262 1285 311 Quid
1315 275 1419 312 prae·

91 332 225 369 terea?
272 328 410 368 Fuisse
431 327 643 378 compluris
664 334 847 366 armatos.
898 326 1007 375 Quid
1026 326 1163 365 aliud?
1221 325 1419 365 Minatum

92 409 177 433 esse
207 394 424 433 Aebutium
455 394 662 433 Caecinae.
723 391 833 442 Quid
867 406 941 442 ego
972 393 1022 430 de
1052 393 1129 430 hoe
1159 399 1258 430 teste
1289 392 1419 431 dicam

54 479 71 510 5
93 461 166 499 nisi
187 462 274 508 hoc,
297 468 601 510 recuperatoreS‚
619 467 662 498 ut
682 474 734 498 ne
754 459 901 498 idcirco
918 461 1047 498 minus
1068 461 1102 498 ei
1124 460 1290 498 credatis
1311 460 1420 510 quod

93 527 213 564 homo
245 525 374 563 minus
406 524 573 563 idoneus
607 524 783 572 habetur,
816 525 886 563 sed
920 525 1010 563 ideo
1040 524 1207 563 credatis
1236 526 1345 575 quod
1373 538 1421 563 ex

93 590 157 629 illa
186 597 294 640 parte
328 590 368 628 id
399 589 495 628 dicit
527 590 636 640 quod
668 588 722 627 illi
754 602 896 628 causae
930 588 1099 627 maxime
1133 589 1182 628 sit
1215 588 1420 629 alienum?

92 658 138 694 A.
161 655 382 703 Terentius,
403 656 499 693 aiter
519 654 640 702 testis,
662 668 744 692 non
769 656 891 693 modo
911 655 1128 693 Aebutium
1149 656 1219 693 sed
1240 654 1357 693 etiam
1378 668 1420 694 se

93 720 252 771 pessimi
279 719 460 758 facinoris
490 719 626 770 arguit.
689 720 738 758 In
767 720 984 758 Aebutium
1015 721 1093 758 hoc
1120 719 1227 767 dicit,
1250 728 1420 759 armatos

35 803 74 826 10
93 785 275 824 homines
291 785 421 832 fuisse,
437 786 487 823 de
507 798 548 823 56
568 792 702 823 autem
718 785 795 822 hoc
816 784 1025 835 praedicat,
1043 786 1257 833 Antiocho,
1272 785 1419 824 Aebuti

92 864 214 898 servo,
239 865 279 889 se
308 850 521 901 imperasse
541 857 584 888 ut
605 849 644 887 in
666 849 880 889 Caecinam
909 849 1186 888 advenientem
1207 864 1298 888 cum
1319 852 1420 890 ferro

93 916 304 955 invaderet.
380 915 489 965 Quid
528 916 668 966 loquar
703 915 872 966 amplius
906 917 957 954 de
995 917 1072 954 hoc
1110 916 1303 955 homine?
1371 918 1420 955 In

92 995 211 1031 quem
243 995 316 1031 ego
344 983 421 1019 hoc
453 982 594 1028 dicere,
627 994 718 1018 cum
748 994 902 1031 rogarer
935 994 957 1019 a
988 980 1170 1029 Caecina,
1200 994 1419 1032 numquam

93 1045 212 1094 volui,
242 1060 291 1085 ne
320 1060 480 1096 arguere
509 1046 620 1084 illum
650 1045 704 1084 rei
736 1045 912 1096 capitalis
942 1046 1105 1094 viderer,
1126 1047 1177 1085 de
1205 1060 1252 1085 eo
1280 1047 1420 1086 dubito

35 1130 72 1162 15
94 1125 200 1149 nunc
220 1125 300 1162 quo
321 1113 443 1150 modo
463 1119 529 1149 aut
549 1113 688 1161 loquar
716 1118 783 1149 aut
809 1118 971 1158 taceam,
996 1125 1086 1149 cum
1108 1111 1191 1162 ipse
1211 1113 1287 1150 hoc
1308 1113 1359 1151 de
1379 1126 1421 1151 se

94 1177 240 1215 iuratus
261 1176 471 1227 praedicet.
524 1177 683 1215 Deinde
704 1177 747 1214 L.
771 1176 930 1215 Caelius
950 1190 1031 1215 non
1054 1178 1181 1215 solum
1203 1177 1420 1216 Aebutium

93 1256 184 1281 cum
217 1241 375 1281 armatis
410 1241 507 1281 dixit
541 1243 661 1280 fuisse
700 1241 970 1292 compluribus
1006 1255 1140 1281 verum
1180 1242 1298 1281 etiam
1329 1256 1420 1281 cum

92 1308 293 1347 advocatis
331 1307 539 1359 perpaucis
573 1321 621 1346 eo
655 1306 809 1346 venisse
844 1307 1070 1347 Caecinam.
1131 1310 1194 1347 De
1232 1310 1309 1347 hoe
1348 1322 1420 1359 ego

93 1381 192 1412 teste
211 1374 447 1412 detraham?
475 1372 539 1411 cui
565 1386 693 1424 aeque
712 1386 759 1411 ae
779 1386 869 1411 meo
890 1373 979 1412 testi
1000 1381 1043 1412 ut
1063 1374 1230 1413 credatis
1250 1376 1418 1425 postulo.

32 1459 74 1481 20
94 1441 135 1478 P.
160 1439 376 1478 Memmius
396 1447 554 1477 secutus
575 1446 633 1478 est
660 1438 728 1489 qui
759 1452 873 1476 suum
897 1452 978 1477 non
998 1453 1162 1490 parvum
1183 1440 1420 1480 beneficium

92 1503 416 1543 commemoravit
445 1503 486 1542 in
513 1503 663 1542 amicos
693 1504 900 1551 Caecinae,
932 1503 1076 1554 quibus
1106 1518 1191 1544 sese
1222 1505 1324 1544 viam
1353 1519 1424 1557 per

92 1571 216 1608 fratris
243 1569 301 1608 sui
333 1570 501 1607 fundum
529 1569 687 1608 dedisse
707 1568 804 1607 dixit
831 1582 910 1619 qua
939 1571 1108 1620 effugere
1134 1578 1306 1621 possent,
1329 1584 1420 1610 cum

92 1642 223 1673 essent
243 1647 382 1673 omnes
407 1642 516 1672 metu
541 1633 741 1684 perterriti.
804 1634 910 1671 Huic
932 1648 1004 1684 ego
1026 1634 1114 1673 testi
1134 1635 1274 1685 gratias
1294 1649 1418 1686 agam,

92 1701 202 1751 quod
228 1707 267 1738 et
294 1699 334 1738 in
360 1713 401 1738 re
431 1699 726 1737 misericordem
747 1712 789 1737 se
816 1699 1038 1749 praebuerit
1063 1708 1101 1739 et
1129 1702 1168 1738 in
1195 1701 1422 1740 testimonio

32 1784 70 1816 ²5
94 1764 328 1815 religiosum.
387 1766 435 1802 A.
459 1763 602 1802 Atilius
632 1771 670 1802 et
699 1763 782 1802 eius
811 1764 911 1802 filius
943 1766 986 1802 L.
1012 1765 1155 1803 Atilius
1185 1774 1223 1804 et
1251 1774 1421 1805 armatos

94 1829 145 1867 ibi
176 1829 295 1867 fuisse
325 1836 364 1867 et
393 1842 434 1867 se
464 1842 555 1866 suos
586 1842 717 1867 servos
737 1828 948 1867 adduxisse
969 1830 1177 1878 dixerunt3
1207 1832 1325 1869 etiam
1345 1832 1422 1870 hoc

93 1895 284 1944 amplius:
315 1907 407 1931 cum
424 1893 620 1931 Aebutius
638 1893 836 1932 Caecinae
848 1895 996 1932 malum
1022 1894 1244 1943 minaretur,
1264 1895 1318 1934 ibi
1339 1903 1421 1935 tum

93 1959 305 1997 Caecinam
327 1959 548 2009 postulasse
570 1965 614 1997 ut
631 1957 808 1996 moribus
829 1959 1017 1996 deductio
1038 1960 1158 1998 fieret.
1201 1962 1295 1999 Hoc
1315 1960 1420 2000 idem

135 2073 154 2102 5
171 2073 213 2094 ne
227 2064 305 2100 (non
317 2062 349 2103 k)
363 2063 487 2094 idcireo
499 2063 608 2093 minus
625 2062 703 2093 TEk
718 2073 725 2093 z
747 2062 873 2093 idcireo
886 2072 953 2093 non
966 2063 1076 2094 minus
1089 2068 1153 2095 cett.
1248 2066 1268 2094 6
1284 2065 1421 2097 habere-

91 2111 146 2137 tur
162 2106 206 2137 T:
232 2106 445 2146 habeaturM
509 2107 569 2137 sed
588 2107 663 2137 ideo
678 2131 685 2138 .
700 2129 708 2136 .
726 2131 731 2136 .
746 2106 894 2136 alienum
911 2117 976 2137 om.
997 2107 1026 2137 T
1111 2119 1127 2147 7
1154 2109 1196 2138 sit
1214 2109 1345 2148 scripsi:
1370 2114 1422 2141 est

92 2149 182 2182 codd.
193 2150 352 2191 <alienum
364 2156 415 2180 est
427 2149 596 2190 Zielinski)
687 2151 707 2180 8
731 2160 768 2180 56
781 2150 918 2189 pessimi
933 2149 1096 2180 Garatom·
1109 2162 1115 2181 :
1137 2152 1304 2190 sepissimi
1318 2152 1364 2191 (-e
1374 2153 1420 2193 ς’)

92 2193 180 2225 codd.
269 2205 291 2233 9
309 2194 464 2224 facinoris
480 2194 574 2224 TEe:
596 2204 664 2225 om.
682 2196 746 2224 cett.
844 2202 878 2222 11
902 2203 1002 2223 servo
1017 2202 1055 2223 se
1067 2193 1216 2234 Kayser:
1240 2205 1355 2226 servos
1373 2196 1422 2228 T:

92 2247 191 2268 servo
204 2241 268 2269 cett.
366 2248 402 2268 12
420 2238 461 2268 de
475 2238 539 2268 hoc
557 2237 634 2268 TE:
662 2237 725 2267 hoc
740 2238 782 2267 de
793 2240 858 2267 cett.
954 2246 991 2275 13
1017 2247 1081 2275 ego
1094 2237 1158 2267 hoc
1176 2238 1254 2268 TE:
1279 2249 1343 2277 ego
1353 2243 1418 2270 cett.

93 2291 134 2311 22
159 2281 210 2311 sui
226 2291 291 2312 om.
317 2280 347 2311 T
445 2291 487 2320 23
511 2285 628 2311 essent
644 2291 711 2312 om.
736 2280 766 2311 T
850 2290 968 2310 omnes
981 2285 1073 2311 metu
1093 2280 1174 2311 TE:
1199 2287 1288 2312 metu
1301 2292 1420 2313 omnes

92 2328 156 2356 cett.
300 2334 341 2363 24
365 2325 560 2363 praebuerit
582 2323 677 2355 TEe:
701 2323 856 2363 praebuit
872 2327 937 2355 cett.
1094 2325 1136 2354 26
1161 2334 1276 2356 servos
1299 2325 1345 2357 T:
1368 2337 1420 2357 ar-

93 2374 199 2399 matos
216 2371 282 2399 cett.
388 2378 427 2407 27
453 2368 635 2399 minaretur
651 2367 718 2399 cod.
737 2366 846 2398 Paris.
868 2377 961 2406 7774,
980 2366 1029 2398 ed.
1045 2366 1080 2398 R
1098 2378 1105 2398 :
1129 2368 1194 2399 hoc
1210 2374 1262 2400 est
1280 2374 1419 2401 mortem

92 2412 280 2443 minaretur
295 2410 372 2443 add.
391 2415 454 2444 cett.

1441 670 1480 702 25

1442 1186 1483 1218 26

1440 1322 1485 1351 10

1443 1778 1482 1816 ²7
