1716 2662
473 79 582 118 PRO
613 80 657 118 L.
689 79 908 118 FLACCO
937 79 1155 117 ORATIO
1448 78 1478 118 6
1501 93 1540 126 13

150 204 315 242 quarum
342 203 470 229 rerum
495 189 641 229 invidia
668 191 752 240 lege
782 191 855 228 hac
884 189 1030 228 recenti
1059 202 1105 227 ac
1134 202 1237 228 nova
1263 197 1391 228 certus
1421 197 1478 228 est

151 255 395 306 inquisitioni
411 255 601 294 comitum
619 268 804 294 numerus
821 254 1066 293 constitutus.
1128 255 1205 293 Sed
1228 261 1268 292 ut
1284 255 1387 292 hanc
1400 253 1477 291 vim
1505 267 1541 299 14

151 320 340 368 omittam,
374 328 521 371 quanta
550 320 615 359 illa
643 328 733 359 suut
763 334 875 370 quae,
906 319 1094 369 quoniam
1124 318 1368 358 accusatorio
1398 318 1479 357 iure

151 393 190 424 et
211 399 318 424 more
339 393 429 424 sunt
450 387 561 432 sacta,
580 386 865 435 reprehendere
886 398 966 423 non
983 398 1203 435 possumus,
1223 383 1331 434 queri
1347 391 1479 422 tamen

114 452 352 501 5cogimur!
401 450 570 501 primurn
609 452 718 501 quod
757 464 885 489 sermo
924 457 982 489 est
1020 457 1103 488 tota
1135 450 1231 489 Asia
1268 448 1479 500 dissipatus

154 516 226 555 Cn.
251 515 496 565 Pompeium,
520 517 629 565 quod
652 517 694 554 L.
719 517 861 554 Flacco
883 523 984 554 esset
1005 517 1258 554 vehementer
1285 513 1477 560 inimicus,

152 581 404 620 contendisse
437 594 461 619 a
497 581 646 629 Laelio,
681 589 845 632 paterno
878 581 1007 620 amico
1036 594 1082 619 ac
1111 579 1415 630 pernecessario,
1438 586 1481 618 ut

153 647 258 685 hunc
293 648 369 685 hoc
401 645 547 685 iudicio
576 654 798 693 arcesseret,
829 659 1071 697 omnemque
1102 645 1138 684 ei
1172 659 1282 684 suam
1313 644 1481 684 auctori-

153 719 286 759 tatem,
306 711 480 762 gratiam,
504 712 648 762 copias,
671 725 766 762 opes
790 713 841 750 ad
868 712 944 750 hoc
965 711 1166 762 negotium
1188 710 1480 750 conficiendum

97 790 136 812 ιο
154 777 352 816 detulisse.
413 778 462 816 Id
496 778 574 816 hoc
605 777 684 815 veri
718 777 882 816 similius
917 777 1078 817 Graecis
1116 776 1343 816 hominibus
1378 776 1482 815 vide-

154 843 267 881 batur
304 844 414 893 quod
459 844 578 893 paulo
620 851 711 881 ante
750 843 789 881 in
828 844 968 882 eadem
1007 842 1207 894 provincia
1252 842 1480 880 familiarem

154 908 332 946 Laelium
364 909 507 947 Flacco
535 908 724 947 viderant.
784 908 949 959 Pompei
980 916 1112 947 autem
1146 907 1356 946 auctoritas
1389 921 1480 945 cum

153 974 258 1024 apud
294 973 426 1012 omnis
451 980 561 1013 tanta
596 981 654 1012 est
683 980 831 1024 quanta
862 987 947 1012 esse
978 973 1111 1022 debet,
1141 980 1224 1011 tum
1259 972 1412 1012 excellit
1441 971 1480 1010 in

155 1037 227 1076 ista
256 1037 456 1088 provincia
485 1051 605 1088 quam
635 1052 760 1089 nuper
788 1046 826 1077 et
860 1039 1106 1089 praedonum
1138 1045 1177 1076 et
1211 1051 1344 1088 regum
1377 1037 1482 1076 bello

97 1115 134 1148 15
155 1102 341 1141 liberavit.
400 1103 593 1141 Adiunxit
626 1103 691 1142 illa
722 1111 763 1142 ut
797 1117 865 1142 eos
900 1103 967 1154 qui
1001 1105 1124 1142 domo
1158 1103 1261 1141 exire
1294 1102 1482 1141 nolebant

155 1167 354 1207 testimoni
385 1167 686 1207 denuntiatione
716 1176 884 1216 terreret,
917 1170 983 1219 qui
1016 1169 1125 1207 domi
1159 1176 1259 1207 stare
1291 1181 1371 1206 non
1401 1176 1482 1219 pot-

153 1241 274 1281 erant,
296 1235 401 1284 largo
422 1241 461 1273 et
487 1234 635 1272 liberali
657 1234 799 1273 viatico
823 1242 1101 1273 commoveret.
1161 1234 1225 1273 Sic
1250 1235 1482 1272 adulescens
1509 1250 1544 1282 15

154 1298 284 1349 ingeni
305 1301 444 1350 plenus
469 1298 676 1349 locupletis
697 1306 818 1347 metu,
838 1299 967 1337 tenuis
988 1299 1173 1349 praemio,
1197 1300 1337 1337 stultos
1357 1312 1483 1337 errore

155 1364 372 1415 permovit3
405 1364 460 1403 sic
490 1372 580 1402 sunt
607 1377 788 1414 expressa
818 1364 890 1402 ista
918 1366 1114 1415 praeclara
1143 1378 1244 1414 quae
1274 1363 1483 1403 recitantur

98 1444 139 1466 20
156 1428 424 1479 psephismata
450 1442 531 1466 non
558 1429 762 1468 sententiis
788 1442 918 1479 neque
947 1429 1245 1467 auctoritatibus
1274 1430 1479 1475 declarata,

156 1507 238 1533 non
264 1493 346 1532 iure
378 1493 544 1532 iurando
574 1493 794 1540 constricta,
823 1496 892 1533 sed
920 1494 1153 1545 porrigenda
1180 1507 1300 1532 manu
1326 1495 1483 1544 profun-

155 1560 370 1609 dendoque
391 1560 560 1597 clamore
581 1559 845 1598 multitudinis
867 1559 1099 1598 concitatae.

210 1625 247 1664 O
274 1638 423 1663 morem
451 1625 693 1674 praeclarum
718 1624 1047 1675 disciplinamque
1074 1638 1192 1675 quam
1219 1639 1242 1664 a
1270 1624 1482 1664 maioribus
1503 1632 1526 1671 7

156 1689 395 1740 accepimus,
409 1689 439 1727 si
461 1689 623 1739 quidem
644 1697 866 1729 teneremus
887 1694 892 1728 !
924 1692 994 1729 sed
1014 1690 1148 1729 nescio
1169 1704 1248 1740 quo
1268 1698 1385 1742 pacto
1406 1690 1482 1729 iam

99 1765 137 1797 25
158 1755 209 1793 de
235 1754 417 1793 manibus
441 1754 616 1793 elabitur.
677 1756 837 1793 Nullam
857 1755 961 1794 enim
984 1755 1037 1793 illi
1062 1755 1183 1794 nostri
1208 1755 1484 1806 sapientissimi

156 1827 195 1858 et
238 1819 473 1858 sanctissimi
511 1820 581 1858 viri
619 1820 697 1858 vim
743 1820 939 1859 contionis
983 1834 1068 1859 esse
1106 1822 1338 1868 volueruut3
1384 1834 1484 1872 quae

157 1883 338 1923 scisceret
372 1885 507 1934 plebes
541 1892 608 1923 aut
643 1898 744 1935 quae
779 1887 948 1935 populus
984 1885 1147 1932 iuberet,
1179 1886 1362 1924 submota
1394 1898 1484 1925 con-

156 1949 274 1996 tione,
297 1949 512 1988 distributis
540 1949 726 2000 partibus‚
749 1950 923 1989 tributim
952 1957 990 1989 et
1018 1949 1265 1989 centuriatim
1290 1950 1484 2002 discriptis

200 2065 219 2093 5
245 2054 375 2092 cogitur
393 2056 416 2083 Σ
515 2054 621 2095 quod]
645 2055 826 2085 distributis
845 2056 994 2094 partibus
1011 2054 1089 2086 add.
1109 2054 1195 2085 codd.
1217 2055 1247 2093 (e
1264 2066 1292 2086 v.
1315 2056 1393 2095 28):
1423 2055 1482 2086 del.

156 2097 345 2137 Naugerius
362 2097 411 2137 (2)
583 2100 603 2128 6
629 2104 718 2128 esset
734 2098 842 2130 schol.
862 2110 867 2128 ε
892 2104 942 2128 est
959 2098 1047 2129 codd.
1182 2099 1403 2129 vehementer
1417 2109 1481 2130 om.

158 2140 262 2172 Sclzol.
420 2151 436 2179 7
463 2140 593 2181 Laelio]
614 2141 652 2171 D.
676 2141 789 2172 Laelio
807 2152 822 2172 c
840 2143 962 2182 (conlra
980 2141 1103 2180 Schol.)
1264 2152 1301 2180 15
1327 2142 1486 2172 volebant

159 2183 221 2222 2><²
400 2193 436 2221 17
461 2184 694 2215 commovebat
711 2184 819 2216 Schol.
995 2195 1033 2223 19
1057 2196 1142 2223 quae
1161 2186 1346 2216 recitantur
1362 2196 1428 2216 om.
1448 2195 1489 2223 χε

158 2238 201 2258 20
225 2227 454 2267 psephismata
470 2227 488 2256 b
506 2239 512 2258 :
547 2228 755 2267 sophismata
778 2231 842 2259 cett.
981 2239 1047 2259 non
1066 2228 1173 2259 Sclrol.
1192 2239 1198 2258 ε
1232 2239 1293 2259 nec
1313 2229 1436 2269 (neque
1452 2228 1485 2266 b)

158 2270 244 2301 codd.
393 2281 433 2309 24
458 2271 681 2302 retineremus
697 2271 729 2301 Β
873 2281 913 2310 25
938 2272 1028 2302 enim
1048 2271 1106 2303 del.
1127 2271 1305 2303 Manutius
1446 2281 1485 2311 27

104 2345 107 2348 ,
160 2313 255 2354 plebs
271 2313 360 2353 ὸῑχς
492 2315 533 2344 28
558 2315 734 2355 descriptis
751 2314 835 2346 codd.
855 2327 860 2345 ε
886 2326 962 2346 corr.
984 2314 1114 2354 Kayser
