1716 2662
83 827 121 848 10

79 1474 118 1495 20

473 115 532 152 IN
566 116 605 151 L.
643 113 887 151 PISONEM
920 114 1137 152 ORATIO
1445 114 1471 150 6

143 231 179 262 et
213 238 290 262 non
322 224 568 263 Caesoninus
599 223 952 274 Semiplacentinus
983 222 1221 270 Calventius,
1258 223 1472 273 respondes

142 291 264 327 altero
303 292 352 328 :id
394 291 559 328 frontem
599 291 764 336 sublimn,
805 291 926 326 altero
969 290 1019 326 ad
1065 296 1239 326 mentum
1285 290 1471 338 depresso

1497 127 1535 158 14

142 355 349 404 supercilio
371 355 639 393 crudelitatem
663 354 731 392 tibi
754 368 833 392 non
863 355 1026 403 placere.
1089 353 1167 391 Hic
1196 362 1233 391 te
1261 353 1324 391 ille
1350 354 1471 391 homo
1492 365 1514 403 7

141 419 393 469 dignissimus
441 419 516 457 tuis
564 419 745 457 laudibus
794 419 1055 457 conlaudavit.
1117 418 1368 457 Crudelitatis
1416 426 1469 464 tu,

142 485 305 532 furcifer,
347 493 526 524 senatum
573 486 709 523 consul
754 484 794 522 in
839 484 1026 523 contione
1070 485 1343 523 condemnas?
1391 497 1470 522 non

140 549 246 588 enim
282 564 345 588 me
377 550 443 600 qui
475 549 627 589 senatui
662 549 798 599 parui,·
839 563 930 587 nam
964 549 1099 588 relatio
1131 549 1195 587 illa
1227 548 1403 587 salutaris
1433 556 1471 586 et

140 615 306 665 diligens
335 617 459 654 fuerat
485 614 668 661 consulis,
703 614 992 652 animadversio
1023 613 1183 664 quidem
1214 622 1251 652 et
1282 613 1469 652 iudicium

140 688 308 718 senatus.
370 682 484 728 Quae
513 693 603 718 cum
633 679 898 730 reprehendis,
922 679 1098 718 ostendis
1128 678 1253 728 qualis
1283 686 1335 725 tu,
1357 678 1388 716 si
1419 678 1471 716 ita

141 747 238 784 sorte
258 745 476 793 accidisset,
494 745 610 783 fueris
631 745 696 782 illo
714 752 890 794 tempore
907 746 1044 783 consul
1062 746 1222 782 futurus.
1264 743 1471 794 Stipendio

141 824 204 849 me
224 812 382 849 hercule
410 818 447 848 et
475 812 671 848 frumento
694 809 905 849 Catilinam
928 823 1012 848 esse
1034 816 1212 859 putasses
1241 808 1466 847 iuvandum.

141 875 249 924 Quid
279 875 384 914 enim
412 874 584 913 interfuit
614 874 713 912 inter
741 874 951 913 Catilinam
980 882 1018 914 et
1045 887 1135 913 eum
1164 873 1225 912 cui
1249 881 1289 912 tu
1311 882 1469 912 senatus

138 940 421 986 auctoritatem,
459 941 624 977 salutem
657 939 833 986 civitatis,
872 947 993 977 totam
1027 953 1107 977 rem
1147 938 1346 989 publicam
1385 952 1469 989 pro<

139 1004 289 1043 vinciae
334 1005 507 1054 praemio
556 1004 797 1042 vendidisti?
854 1005 968 1052 Quae
1016 1004 1121 1042 enim
1171 1006 1214 1042 L.
1258 1003 1468 1043 Catilinam

138 1078 348 1107 conantem
379 1071 516 1107 consul
547 1069 740 1119 prohibui,
774 1082 819 1107 ea
849 1071 890 1106 P.
923 1069 1110 1108 Clodium
1141 1069 1347 1107 facientem
1379 1082 1470 1106 con-

139 1136 242 1173 sules
288 1134 532 1173 adiuverunt.
603 1134 736 1172 Voluit
784 1134 848 1172 ille
896 1143 1074 1172 senatum
1123 1133 1351 1181 interficere,
1400 1147 1468 1171 vos

138 1199 371 1247 sustulistis;
419 1201 521 1249 leges
570 1199 791 1245 incendere,
842 1212 911 1237 vos
954 1199 1195 1249 abrogastis;
1246 1198 1468 1238 interimere

138 1265 313 1314 patriam,
335 1278 404 1303 vos
431 1264 643 1302 adflixistis.
703 1264 812 1312 Quid
840 1272 897 1302 est
918 1264 1030 1302 vobis
1061 1264 1289 1302 consulibus
1313 1273 1465 1314 gestum

137 1329 220 1368 sine
258 1329 404 1368 armis?
475 1331 694 1367 Incendere
733 1329 797 1367 illa
835 1329 1127 1367 coniuratorum
1168 1343 1306 1367 manus
1345 1330 1467 1368 voluit

137 1395 286 1442 urbem,
324 1408 391 1432 vos
425 1393 508 1432 eius
538 1395 701 1431 domum
733 1407 852 1442 quem
882 1401 1039 1443 propter
1074 1394 1165 1431 urbs
1196 1393 1356 1432 incensa
1386 1408 1465 1432 non

137 1467 205 1498 est.
275 1461 334 1497 Ac
364 1473 413 1497 ne
443 1458 496 1496 illi
525 1458 698 1508 quidem,
722 1458 752 1495 si
784 1459 1012 1497 habuissent
1041 1459 1154 1497 vestri
1182 1459 1349 1498 similem
1377 1474 1467 1515 00ηρ-

136 1526 273 1572 sulem,
309 1525 360 1562 de
392 1523 497 1561 urbis
526 1522 710 1561 incendio
741 1523 1003 1572 cogitassent3
1039 1538 1118 1561 non
1148 1525 1253 1562 enim
1283 1538 1325 1563 se
1354 1525 1466 1563 tectis

135 1589 286 1639 privare
322 1590 540 1634 voluerunt,
578 1588 646 1625 sed
688 1587 746 1624 his
787 1588 979 1626 stantibus
1024 1590 1174 1626 nullum
1220 1589 1464 1628 domicilium

136 1654 270 1692 sceleri
301 1667 372 1691 suo
401 1655 481 1691 fore
503 1660 746 1702 putaverunt.
810 1653 985 1691 Caedem
1010 1653 1061 1690 illi
1085 1652 1239 1699 civium,
1264 1667 1332 1691 vos
1353 1655 1464 1692 servi-

134 1727 258 1758 tutem
286 1718 496 1769 expetistis.
557 1717 634 1755 Hic
674 1732 741 1755 vos
782 1717 899 1755 etiam
937 1718 1199 1765 crudeliores3
1240 1719 1331 1756 huic
1358 1719 1462 1758 enim

77 1800 110 1821 2·
135 1786 284 1834 populo
320 1784 372 1822 ita
410 1785 532 1821 fuerat
566 1792 657 1820 ante
692 1796 760 1820 ros
795 1785 977 1821 consules
1011 1783 1168 1821 libertas
1202 1783 1315 1822 insita
1347 1792 1389 1822 ut
1428 1785 1462 1823 ei

134 1849 230 1886 mori
261 1849 390 1899 potius
421 1861 538 1897 quam
570 1847 710 1885 servire
741 1855 961 1896 praestaret.
1025 1849 1128 1886 Illud
1150 1860 1241 1886 vero
1261 1848 1461 1898 geminum

132 1914 304 1952 consiliis
326 1913 518 1953 Catilinae
539 1921 575 1950 et
600 1911 765 1957 Lentuli,
790 1914 898 1961 quod
920 1925 982 1950 me
1004 1913 1126 1950 domo
1141 1925 1230 1950 mea
1247 1913 1458 1962 expulistis,

133 1980 205 2017 Cn.
242 1977 475 2027 Pompeium
508 1978 671 2014 domum
708 1989 817 2013 suam
858 1976 1112 2026 compulistis.
1175 1978 1315 2026 Neque
1354 1978 1459 2016 enim

133 2057 195 2082 me
225 2050 350 2081 stante
381 2050 418 2080 et
444 2049 629 2079 manente
654 2040 694 2078 in
722 2040 827 2079 urbis
853 2040 982 2091 vigilia
1011 2055 1139 2091 neque
1159 2041 1362 2081 resistente
1382 2044 1455 2083 Cn.

180 2158 189 2176 1
219 2147 429 2178 Caesoninus
448 2144 482 2184 χ]
500 2156 506 2175 :
531 2144 745 2175 Censoninus
763 2143 815 2174 N:
840 2146 995 2176 cesonius
1011 2148 1074 2176 cett.
1225 2155 1245 2184 3
1271 2146 1326 2184 ille
1341 2145 1435 2187 Eexn
1451 2159 1458 2178 :

131 2202 194 2221 0111.
215 2194 278 2221 cell.
401 2200 417 2228 7
442 2189 566 2229 fuerat]
587 2188 692 2218 suerat
709 2188 795 2218 bona
811 2188 889 2227 Εχιι
1006 2198 1041 2227 15
1065 2188 1182 2219 volunt
1199 2189 1244 2220 illi
1262 2189 1299 2219 N
1419 2192 1458 2221 16

132 2233 327 2273 incendere]
350 2233 543 2263 rescindere
560 2231 650 2262 Koclz
723 2232 917 2262 interimere
932 2232 991 2270 ἄῤ,
1009 2231 1201 2272 Naugerius
1217 2233 1269 2272 (2)
1286 2244 1292 2263 :
1319 2233 1456 2264 interire

133 2278 178 2316 gvi
197 2283 324 2308 terrere
342 2278 369 2314 e)
388 2275 474 2307 codd.
665 2285 699 2314 17
724 2275 900 2306 adflixistis
918 2275 1152 2306 Luterbacher:
1177 2276 1348 2306 adiuvistis
1365 2277 1452 2308 codd.

131 2324 206 2359 (vos
222 2320 396 2351 adiuvistis
415 2318 472 2350 del.
492 2317 637 2357 Ernesti)
798 2329 835 2357 24
864 2319 933 2360 liic]
955 2319 1005 2349 liis
1024 2318 1199 2350 Manutius
1355 2330 1395 2358 25
1422 2326 1455 2350 ut

88 2360 92 2364 ⁴
131 2365 234 2395 emori
251 2363 338 2395 codd.
357 2376 362 2395 ;
386 2374 464 2394 corr.
487 2362 592 2393 Halm

1486 1853 1523 1884 16
