1747 2620
164 129 226 167 37
577 120 633 158 M.
665 120 835 157 TVLLI
868 118 1174 157 FICERONIS

207 230 291 269 sine
311 230 478 269 consilio
498 237 668 277 senatus,
692 229 788 268 nihil
810 243 890 268 non
910 229 1156 279 approbante
1176 231 1327 280 populo
1352 231 1539 268 Romano

206 295 361 345 egerim,
395 302 437 333 ut
467 308 622 346 semper
655 294 695 332 in
730 294 861 332 rostris
897 293 1056 341 curiam,
1088 293 1128 332 in
1168 301 1306 332 senatu
1345 295 1538 345 populum

206 359 463 407 defenderim,
498 367 541 398 ut
570 359 866 398 multitudinem
898 372 989 397 cum
1024 358 1278 409 principibus,
1315 366 1538 409 equestrem

206 424 384 463 ordinem
408 437 498 462 cum
520 432 658 462 senatu
681 423 962 462 coniunxerim.
1015 423 1191 475 Exposui
1211 423 1380 462 breviter
1400 437 1540 463 consu·

206 492 330 529 latum
349 503 493 528 meum.
1557 507 1575 540 5

161 541 188 622 ἒ
261 556 377 594 Aude
398 569 515 603 nunc,
537 569 561 595 0
583 554 690 603 furia,
714 556 764 594 de
784 562 853 593 tuo
874 556 1004 594 dicere
1023 558 1030 595 l
1060 554 1171 593 cuius
1188 554 1260 593 fuit
1280 554 1435 593 initium
1455 554 1538 593 ludi

205 620 458 672 compitalicii
480 629 565 659 turn
582 621 752 672 primum
772 620 860 659 facti
883 628 971 671 post
993 622 1035 659 L.
1054 619 1199 658 Iulium
1222 627 1260 658 et
1277 620 1320 659 C.
1342 619 1538 658 Marcium

206 688 387 726 consules
423 694 559 725 contra
589 685 863 724 auctoritatem
892 685 1008 724 huius
1038 684 1212 733 ordinis3
1245 698 1345 735 quos
1376 686 1423 734 Q.
1455 686 1539 723 Me-

205 751 477 790 tellus—facio
495 751 675 789 iniuriam
691 750 901 789 fortissimo
919 749 1000 788 viro
1018 757 1184 796 mortuo,
1208 748 1274 799 qui
1297 749 1407 787 illum
1428 748 1538 787 cuius

205 830 351 867 paucos
383 816 484 866 paris
520 818 617 854 haec
650 815 785 854 civitas
818 815 905 854 tulit
937 829 1028 853 cum
1057 816 1132 853 hac
1166 814 1390 865 importuna
1422 815 1538 853 belua
1562 834 1597 856 10

204 882 532 921 conferam—sed
555 880 617 919 ille
640 881 867 931 designatus
888 882 1038 929 consul,
1061 894 1152 919 cum
1174 879 1335 930 quidam
1358 880 1537 918 tribunus

204 949 255 998 pl.
284 960 356 985 suo
389 946 533 985 auxilio
566 946 769 996 magistros
806 947 921 984 ludos
956 953 1093 984 contra
1121 953 1280 984 senatus
1312 947 1537 984 consultum

205 1014 331 1051 facere
361 1012 545 1059 iussisset,
570 1011 741 1062 privatus
764 1010 844 1049 fieri
866 1010 989 1049 vetuit
1015 1017 1134 1060 atque
1156 1009 1195 1048 id
1217 1011 1326 1059 quod
1357 1011 1537 1048 nondum

206 1085 400 1128 potestate
420 1084 573 1128 poterat
591 1076 762 1115 obtinuit
782 1076 1025 1115 auctoritate.
1067 1077 1142 1123 Tu,
1159 1089 1250 1114 cum
1272 1075 1311 1113 in
1334 1077 1537 1115 Kalendas

206 1142 406 1181 Ianuarias
436 1141 752 1191 compitaliorum
783 1142 866 1179 dies
897 1140 1109 1188 incidisset,
1139 1138 1224 1179 Sex.
1247 1140 1446 1188 Clodium,
1470 1141 1537 1191 qui
1560 1159 1596 1192 15

205 1220 423 1258 numquam
452 1214 569 1245 antea
598 1213 860 1257 praetextatus
883 1206 1029 1252 fuisset,
1061 1206 1177 1244 ludos
1208 1206 1335 1243 facere
1365 1213 1403 1244 et
1432 1219 1538 1256 prae-

205 1280 394 1312 textatum
429 1272 591 1311 volitare
630 1285 766 1322 passus
801 1285 854 1319 es,
891 1271 1095 1309 hominem
1134 1271 1333 1321 impurum
1371 1285 1418 1309 ac
1456 1286 1536 1311 non

167 1352 185 1384 9
207 1340 327 1377 modo
358 1337 455 1376 facie
485 1338 554 1376 sed
583 1336 700 1375 etiam
735 1338 852 1374 oculo
886 1344 955 1374 tuo
989 1335 1276 1386 dignissimum.
1338 1337 1442 1386 Ergo
1474 1337 1534 1376 his

205 1403 472 1443 fundamentis
503 1402 640 1454 positis
670 1404 896 1441 consulatus
927 1401 983 1441 tui
1015 1401 1146 1440 triduo
1169 1409 1259 1452 post
1290 1401 1537 1452 inspectante

205 1478 243 1510 et
272 1477 426 1509 tacente
454 1477 492 1507 te
518 1482 541 1507 a
568 1468 673 1506 fatali
695 1475 878 1519 portento
905 1466 1166 1518 prodigIOque
1186 1466 1241 1505 rei
1261 1466 1445 1517 publicae
1475 1468 1536 1506 lex
1557 1483 1596 1506 20

204 1535 318 1574 Aelia
347 1543 384 1574 et
415 1535 526 1573 Fufia
553 1547 685 1573 eversa
709 1541 777 1580 est,
802 1534 1096 1584 propugnacula
1117 1531 1297 1583 murique
1324 1532 1537 1583 tranquilli-

204 1600 292 1640 tatis
322 1608 440 1650 atque
470 1599 550 1647 oti3
579 1599 757 1649 conlegia
779 1612 858 1636 non
882 1612 927 1637 ea
948 1599 1077 1636 solum
1098 1610 1201 1647 quae
1222 1605 1381 1636 senatus
1412 1605 1537 1636 sustu-

203 1668 297 1705 lerat
325 1665 510 1712 restituta,
549 1665 619 1703 sed
649 1663 949 1702 innumerabilia
981 1664 1177 1713 quaedam
1212 1676 1315 1701 nova
1349 1676 1396 1701 ex
1426 1662 1534 1701 omni

203 1733 311 1770 faece
345 1730 450 1769 urbis
484 1743 530 1768 ac
565 1728 721 1767 servitio
756 1728 962 1766 concitata.
1022 1728 1086 1765 Ab
1121 1728 1264 1766 eodem
1298 1726 1461 1766 homine
1494 1727 1533 1766 in

202 1796 344 1846 stupris
392 1793 578 1833 inauditis
628 1793 863 1843 nefariisque
903 1800 1056 1831 versato
1095 1800 1207 1831 vetus
1246 1792 1313 1832 illa.
1351 1793 1533 1843 magistra
1555 1810 1593 1843 25

202 1861 363 1912 pudoris
393 1868 430 1899 et
462 1859 678 1897 modestiae
703 1872 867 1897 censura
897 1859 1051 1896 sublata
1077 1865 1149 1905 est,
1174 1870 1266 1896 cum
1294 1865 1336 1897 tu
1364 1858 1531 1905 interim,
1570 1850 1572 1853 ⁵

204 1926 362 1964 bustum
395 1924 446 1963 rei
480 1924 673 1975 publicae,
708 1923 773 1973 qui
810 1931 847 1961 te
881 1924 1086 1961 consulem
1122 1930 1206 1960 tum
1243 1924 1397 1961 Romae
1434 1922 1533 1962 dicis

247 2041 264 2070 7
292 2030 326 2061 Ι..
349 2029 540 2059 Luscellum
566 2034 599 2060 et
625 2028 665 2059 G.
689 2028 832 2058 Marium
857 2026 944 2057 codd.
960 2038 970 2057 :
1001 2036 1081 2057 corr.
1113 2025 1209 2056 Orellt
1237 2027 1287 2066 (cf
1307 2025 1426 2058 Ascon.
1449 2036 1476 2065 7.
1495 2027 1532 2066 9)

202 2072 377 2113 Metellus]
402 2072 474 2102 ficri
498 2072 604 2103 voluit
635 2071 709 2102 add.
731 2071 818 2102 codd.
850 2070 990 2101 Asconii
1167 2079 1199 2099 11
1228 2070 1425 2109 designatos
1452 2080 1531 2100 con-

203 2117 294 2148 sules
310 2116 357 2147 Ee
462 2126 500 2154 15
527 2116 701 2146 incidisset
718 2115 888 2145 Ascomns
904 2125 911 2144 :
937 2113 1137 2143 incidissent
1154 2112 1242 2144 codd.
1347 2124 1382 2152 17
1410 2123 1447 2144 ac
1464 2113 1510 2143 Ee
1526 2125 1532 2144 z

202 2167 303 2200 atque
315 2163 379 2192 cell.
464 2160 502 2189 18
526 2159 626 2200 facie]
639 2160 720 2197 Δ[ὶὶνί.
739 2158 860 2189 calice:
888 2158 924 2196 cf.
941 2160 955 2194 ξ
970 2158 1010 2195 67
1024 2160 1051 2186 el
1060 2156 1243 2187 Housman
1256 2155 1382 2188 adInv.
1397 2157 1438 2188 vi.
1455 2156 1497 2188 Ο.
1512 2167 1530 2196 5

203 2204 405 2244 oculo]s0rl.
425 2204 542 2234 osculo
563 2203 617 2243 (cs.
630 2202 714 2233 Sesl.
735 2202 810 2241 111)
828 2212 834 2231 :
859 2201 933 2231 culo
946 2199 984 2230 L.
1002 2200 1110 2229 Roclze
1202 2210 1240 2239 19
1264 2206 1337 2239 post
1356 2200 1466 2230 triduo
1485 2199 1532 2230 Ee

204 2258 245 2278 20
271 2253 303 2278 te
321 2252 354 2277 et
372 2252 504 2277 tacente
525 2246 692 2276 Asconius
806 2243 856 2285 tc]
875 2248 907 2274 te
926 2244 1035 2273 clodio
1053 2243 1100 2273 Ee
1116 2254 1123 2274 z
1146 2242 1255 2273 clodio
1272 2243 1348 2283 ψῑχι
1367 2255 1373 2274 :
1399 2243 1531 2273 tribuno

205 2292 280 2330 (tr.)
298 2289 334 2319 N
464 2300 501 2319 21
530 2299 648 2320 eversa
665 2288 772 2328 norff-‘⁶51
795 2297 894 2317 versa
911 2289 974 2317 cell.
1109 2296 1150 2325 23
1175 2296 1262 2316 nova
1285 2297 1350 2316 om.
1365 2286 1532 2317 Asconius

204 2335 246 2364 26
272 2343 413 2363 censura
438 2332 613 2371 Asconius,
640 2331 679 2362 M
702 2342 780 2372 mg,
808 2340 845 2361 s:
877 2330 1040 2360 severitas
1066 2332 1149 2361 cctt.:
1187 2330 1350 2360 severitas
1375 2330 1529 2360 censoria

204 2377 391 2416 Naugerius
413 2376 441 2417 (i
450 2395 460 2415 s
