1747 2620
200 135 247 171 19

204 704 246 735 45

196 1093 247 1121 20

203 1548 245 1589 46

269 142 311 171 44
641 124 696 161 M.
730 123 898 160 TVLLI
931 122 1239 161 CICERONIS

268 247 370 284 quae
391 234 505 273 fuerit
535 248 581 273 ex
606 233 791 272 omnibus
813 246 890 270 una
913 232 1082 270 maxime
1103 232 1350 282 triumphalis
1380 234 1530 272 nullam
1552 233 1600 272 sit

268 300 320 337 ad
340 307 521 338 senatum
542 300 709 338 litteram
730 298 885 336 mittere
900 311 1028 336 ausus.
1081 299 1140 335 Ex
1161 311 1238 348 qua
1258 297 1459 349 provincia
1478 300 1601 337 modo

268 364 326 403 vir
345 364 453 403 omni
474 364 664 414 dignitate
685 363 967 410 ornatissimuS,
991 365 1034 401 L.
1052 364 1288 413 Torquatus,
1312 363 1463 413 magnis
1483 364 1600 402 rebus

268 430 386 479 gestis
408 443 471 468 me
491 431 682 468 referente
702 430 752 468 ab
773 437 912 467 senatu
933 428 1145 479 imperator
1165 435 1223 466 est
1242 430 1472 478 appellatus,
1494 430 1601 467 unde

268 494 329 532 his
361 494 495 544 paucis
530 494 644 532 annis
680 495 752 534 Cn.
786 494 1029 540 Dolabellae,
1063 494 1108 533 C.
1133 492 1328 540 Curionis,
1362 495 1419 531 M.
1446 493 1637 542 Luculli5

268 559 501 598 iustissimos
532 560 752 610 triumphos
773 559 956 606 vidimus,
980 572 1027 597 ex
1054 572 1099 596 ea
1127 565 1165 596 te
1185 558 1420 608 imperatore
1439 559 1600 598 nuntius

267 625 319 662 ad
349 633 529 663 senatum
561 626 714 663 adlatus
747 633 805 664 est
835 626 993 672 nullus,
1021 624 1072 662 ab
1099 623 1222 662 altero
1252 625 1406 663 adlatae
1437 624 1598 672 litterae,

268 690 462 736 recitatae,
493 692 655 728 relatum
687 691 738 728 ad
768 698 960 729 senatum,
1023 689 1075 727 Di
1106 689 1373 728 immortales!
1404 689 1497 729 idne
1527 704 1600 740 ego

268 764 444 806 optarem
467 764 508 794 ut
529 756 711 794 inimicus
733 770 843 794 meus
865 770 911 794 ea
932 769 1009 806 qua
1030 768 1149 794 nemo
1174 768 1363 805 umquam
1385 755 1599 805 ignominia

268 829 477 868 notaretur,
501 829 542 859 ut
573 829 730 859 senatus
752 821 782 859 is
805 821 871 871 qui
894 821 933 859 in
955 834 1043 859 eam
1065 820 1143 858 iam
1165 819 1416 870 benignitatis
1438 834 1599 859 consue·
1621 834 1661 856 10

267 886 447 925 tudinem
482 886 591 924 venit
625 894 667 924 ut
702 900 769 924 eos
809 886 876 936 qui
916 886 1018 924 bene
1058 899 1139 923 rem
1179 885 1379 935 publicam
1411 886 1599 935 gesserint

268 951 380 990 novis
411 951 628 990 honoribus
657 951 815 990 adficiat
847 959 883 989 et
916 964 1080 989 numero
1106 950 1257 988 dierum
1289 958 1326 988 et
1356 964 1497 1000 genere
1522 965 1600 989 ver-

269 1017 421 1064 borum,
437 1017 552 1055 huius
574 1018 689 1055 unius
711 1016 846 1055 litteris
864 1016 1137 1054 nuntiantibus
1159 1029 1240 1053 non
1261 1017 1446 1063 crederet,
1471 1024 1600 1067 postu-

268 1082 439 1120 lantibus
474 1083 714 1132 denegaret?
772 1082 850 1120 His
885 1095 958 1132 ego
990 1082 1106 1120 rebus
1142 1094 1290 1131 pascor,
1324 1081 1383 1119 his
1414 1082 1598 1129 delector,

267 1148 327 1186 his
349 1150 533 1198 perfruor,
557 1149 667 1198 quod
688 1149 737 1187 de
758 1147 870 1186 vobis
898 1147 961 1185 hic
986 1148 1084 1185 ordo
1109 1146 1291 1196 opinatur
1313 1160 1393 1184 non
1415 1160 1526 1185 secus
1554 1161 1599 1185 ac
1622 1160 1658 1190 15

267 1216 318 1253 de
356 1214 553 1253 acerrimis
593 1214 784 1262 hostibus,
824 1215 934 1264 quod
972 1227 1041 1251 vos
1081 1212 1232 1263 equites
1270 1212 1457 1254 Romani,
1491 1215 1599 1263 quod

268 1280 386 1318 ceteri
408 1280 575 1327 ordines,
600 1280 709 1330 quod
734 1287 877 1317 cuncta
907 1278 1042 1316 civitas
1064 1278 1158 1325 odit,
1182 1279 1290 1327 quod
1317 1291 1435 1316 nemo
1458 1278 1600 1326 bonus,

267 1359 386 1384 nemo
416 1345 588 1396 denique
610 1345 704 1383 civis
726 1353 794 1392 est,
814 1344 880 1394 qui
903 1345 1024 1382 modo
1047 1357 1087 1382 se
1109 1343 1234 1381 civem
1257 1357 1341 1382 esse
1363 1344 1594 1391 meminerit,

267 1410 334 1460 qui
370 1424 438 1448 vos
471 1424 551 1448 non
585 1410 708 1449 oculis
739 1409 870 1459 fugiat,
909 1408 1068 1447 auribus
1102 1417 1269 1459 respuat,
1304 1409 1439 1448 animo
1472 1423 1598 1460 asper-

266 1483 390 1522 netur,
423 1475 694 1513 recordatione
724 1474 896 1524 denique
927 1474 1011 1525 ipsa
1040 1475 1267 1512 consulatus
1298 1475 1413 1513 vestri
1444 1477 1598 1526 perhor-
1619 1492 1659 1514 20

266 1548 400 1579 rescat.
463 1543 577 1579 Haec
608 1554 681 1590 ego
713 1553 867 1590 semper
896 1541 946 1578 de
973 1539 1084 1578 vobis
1115 1540 1292 1590 expetivi,
1327 1542 1423 1580 haec
1454 1542 1595 1592 optavi,

265 1607 362 1645 haec
394 1614 573 1656 precatus
604 1619 715 1653 sum,
745 1607 856 1656 plura
887 1605 1005 1644 etiam
1032 1605 1260 1644 acciderunt
1291 1621 1408 1657 quam
1432 1610 1599 1656 vellem,-

265 1686 356 1711 nam
379 1681 420 1711 ut
441 1671 669 1711 amitteretis
693 1671 917 1717 exercitum,
938 1684 1155 1721 numquam
1180 1686 1242 1710 me
1270 1674 1428 1712 hercule
1450 1674 1595 1725 optavi.

267 1740 371 1778 Illud
404 1738 521 1777 etiarn
553 1736 696 1775 accidit
727 1744 877 1787 praeter
913 1744 1093 1786 optatum
1129 1751 1273 1785 meum,
1307 1739 1376 1776 sed
1407 1741 1520 1778 valde
1550 1753 1597 1777 ex

264 1806 475 1842 voluntate.
538 1802 639 1840 Mihi
668 1802 773 1840 enim
800 1815 1017 1851 numquam
1041 1811 1199 1840 venerat
1228 1803 1268 1841 in
1296 1812 1468 1843 mentem
1497 1806 1596 1843 furo·
1617 1823 1656 1853 ²5

264 1883 345 1908 rem
376 1877 413 1907 et
442 1867 635 1906 insaniam
665 1875 800 1917 optare
830 1867 941 1905 vobis
975 1867 1014 1905 in
1049 1881 1168 1918 quam
1200 1868 1402 1907 incidistis.
1474 1869 1596 1920 Atqui

264 1934 335 1973 fuit
370 1935 601 1984 optandum.
662 1932 730 1971 Me
765 1940 897 1971 tamen
934 1934 1082 1983 fugerat
1118 1935 1283 1973 deorum
1317 1934 1596 1974 immortalium

310 2048 324 2069 1
352 2038 450 2069 fuerit
467 2037 526 2079 ex]
545 2038 641 2069 fuerit
663 2039 695 2069 V
779 2040 904 2071 nullam
923 2064 930 2071 .
952 2065 958 2071 .
981 2064 988 2071 .
1009 2040 1155 2071 litteram
1177 2039 1222 2070 V:
1257 2039 1366 2070 nullas
1385 2064 1391 2071 .
1411 2064 1418 2072 .
1440 2064 1446 2071 .
1467 2039 1597 2072 litteras

263 2086 328 2113 cett.
431 2093 450 2121 4
477 2082 518 2112 ab
537 2087 654 2112 senatu
676 2082 853 2114 Manutius
871 2095 877 2114 z
903 2085 1026 2114 absens
1045 2083 1133 2115 codd.
1226 2088 1278 2114 est
1299 2083 1346 2114 V:
1371 2084 1414 2114 sit
1434 2084 1515 2122 (om.
1533 2084 1593 2123 Ee)

264 2129 328 2157 cett.
477 2126 498 2155 6
522 2136 564 2155 ex
581 2137 620 2156 ea
639 2127 687 2167 te]
706 2133 739 2157 et
757 2139 798 2158 ex
817 2138 856 2158 ea
879 2127 920 2157 Ee
936 2139 943 2158 ε
968 2138 1010 2157 ex
1028 2138 1066 2157 ea
1083 2138 1102 2157 a
1120 2132 1152 2158 te
1170 2127 1261 2158 Bake
1419 2137 1436 2166 7
1463 2127 1595 2158 litterae

264 2180 331 2200 om.
353 2167 395 2198 Vl
508 2170 528 2199 8
554 2169 678 2200 relatae
697 2171 729 2200 E
836 2182 858 2210 9
882 2177 1031 2210 optaram
1052 2171 1216 2201 Garatoni
1337 2181 1375 2201 ιο
1401 2171 1465 2201 iam
1482 2182 1548 2201 om.
1569 2171 1602 2201 V

269 2222 303 2243 11
330 2217 507 2251 gesserunt
524 2219 557 2252 φ,
575 2213 644 2244 edd.
671 2214 732 2245 VR
836 2216 874 2245 16
899 2215 940 2244 de
957 2215 1130 2245 acerrimis
1152 2214 1198 2245 V:
1218 2215 1409 2245 deterrimis
1426 2214 1473 2245 Ee
1491 2215 1592 2255 Lagg.

267 2266 296 2295 7,
320 2266 381 2295 13:
409 2257 451 2286 de
478 2258 668 2288 deterrimis
694 2259 778 2296 Μμε
805 2259 847 2288 de
880 2260 960 2297 (0171.
989 2258 1031 2288 de
1052 2259 1094 2291 55,
1123 2257 1303 2289 teterrimis
1330 2262 1409 2298 cetat,
1436 2258 1505 2288 edd.
1535 2257 1596 2289 VR

266 2309 308 2329 ρο
332 2301 597 2332 recordationem
615 2326 622 2333 .
645 2326 652 2332 .
675 2325 682 2333 .
704 2302 810 2341 ipsam
828 2300 914 2341 Εισχ1
1005 2311 1046 2340 23
1070 2311 1123 2332 me
1140 2312 1205 2333 om.
1227 2301 1259 2331 V
1352 2312 1392 2341 25
1415 2310 1596 2342 numquam

270 2342 318 2372 V:
344 2353 408 2374 om.
427 2347 490 2374 cell.
585 2346 716 2375 veniret
738 2344 838 2385 VEeX
971 2354 1011 2383 27
1038 2344 1107 2386 me]
1126 2355 1187 2375 nec
1205 2355 1257 2374 me
1275 2344 1364 2376 Bake
