1747 2620
191 84 234 111 12
256 87 295 120 35
621 72 677 108 M.
711 70 879 108 TVLLI
912 67 1220 108 CICERONIS

255 184 476 236 petiturum.
556 182 665 231 Quid
704 180 757 219 ita
800 179 935 218 Flavio
979 177 1053 216 sibi
1096 190 1233 216 cavere
1275 189 1357 215 non
1395 174 1502 215 venit
1544 174 1584 213 in

255 250 458 288 mentem?
487 246 688 285 nesciebat
707 244 891 283 videlicet
921 245 1145 292 Panurgum
1176 241 1295 279 fuisse
1316 240 1355 278 in
1385 239 1581 279 societate.

255 314 421 354 Sciebat.
493 311 706 350 Nesciebat
754 309 948 348 Fannium
999 306 1146 346 Roscio
1194 320 1279 345 esse
1326 305 1487 345 socium.
1538 328 1586 332 -

259 380 483 425 Praeclare3
520 390 611 415 nam
647 375 719 413 iste
753 388 844 412 cum
880 388 927 412 eo
960 373 1069 411 litem
1105 379 1365 411 contestatam
1399 370 1582 409 habebat.

197 454 238 495 36
260 446 341 485 Cur
374 443 488 494 igitur
522 440 670 480 decidit
709 447 748 478 et
779 453 859 478 non
895 438 1144 488 restipulatur
1177 437 1376 476 neminem
1417 435 1585 487 amplius
1606 447 1623 480 5

258 509 501 562 petiturum?
529 520 597 546 cur
617 506 667 544 de
688 506 814 543 fundo
835 504 992 543 decedit
1014 511 1050 542 et
1079 503 1225 542 iudicio
1246 516 1326 541 non
1343 501 1586 541 absolvitur?

258 582 425 614 curtam
455 570 632 622 imperite
662 570 751 608 facit
779 577 821 607 ut
847 583 920 608 nec
943 568 1135 607 Roscium
1160 567 1412 618 stipulatione
1441 566 1587 617 adliget

198 653 237 687 37
258 653 387 689 neque
411 652 433 676 a
458 635 610 676 Fannio
635 634 782 674 iudicio
809 648 850 672 se
879 635 1090 673 absolvat?
1148 635 1218 671 Est
1242 634 1319 671 hoc
1349 631 1518 682 primum
1549 638 1587 670 et

257 720 304 744 ex
320 702 555 744 condicione
576 700 667 740 iuris
684 708 721 739 et
738 714 783 738 ex
805 699 1092 738 consuetudine
1109 697 1301 737 cautionis
1319 697 1586 736 firmissimum

257 778 295 810 et
333 768 604 820 gravissimum
644 773 929 815 argumentum,
974 765 1083 815 quod
1126 777 1198 814 ego
1242 762 1417 814 pluribus
1458 762 1585 802 verbis
1608 776 1647 799 10

256 837 521 886 amplecterer,
558 832 590 871 si
622 845 702 870 non
737 830 812 869 alia
841 830 1006 870 certiora
1035 837 1072 869 et
1102 828 1264 868 clariora
1293 827 1518 868 testimonia
1545 828 1586 867 in

255 914 372 940 causa
391 900 588 939 haberem.

192 983 234 1020 13
312 968 361 1004 Et
387 979 435 1004 ne
461 967 558 1004 forte
586 980 649 1004 me
674 966 750 1003 hoc
773 965 912 1002 frustra
941 961 1161 1012 pollicitum
1191 974 1277 999 esse
1298 959 1511 1011 praedices,
1535 966 1584 1006 te,

256 1039 295 1070 te
316 1031 487 1081 inquam,
512 1031 649 1078 Fanni,
672 1030 722 1069 ab
751 1029 825 1068 tuis
851 1027 1045 1066 subselliis
1076 1033 1212 1065 contra
1233 1034 1270 1064 te
1295 1033 1436 1064 testem
1470 1024 1588 1064 susci-

257 1097 362 1135 tabo.
423 1096 656 1136 Criminatio
678 1104 745 1134 tua
765 1108 866 1145 quae
888 1095 975 1133 est?
1033 1092 1225 1131 Roscium
1247 1105 1339 1130 cum
1361 1090 1496 1130 Flavio
1515 1103 1586 1140 pro
1610 1104 1646 1134 15

258 1160 445 1200 societate
483 1161 689 1200 decidisse.
761 1162 854 1209 Quo
893 1159 1101 1208 tempore?
1167 1156 1327 1195 Abhinc
1365 1155 1478 1194 annis
1517 1167 1584 1194 xv.

260 1225 450 1264 Defensio
490 1239 577 1264 mea
616 1240 718 1276 quae
756 1226 846 1263 est?
904 1222 1097 1261 Roscium
1135 1236 1206 1272 pro
1245 1235 1316 1260 sua
1353 1228 1462 1271 parte
1495 1234 1587 1259 cum

260 1291 395 1330 Flavio
426 1291 671 1341 transegisse.
731 1287 989 1340 Repromittis
1020 1295 1061 1325 tu
1091 1288 1238 1326 abhinc
1267 1285 1478 1324 triennium
1510 1287 1590 1324 Ro-

257 1357 350 1396 scio.
399 1355 540 1405 Quid?
569 1355 688 1394 recita
708 1355 823 1393 istam
844 1351 1181 1403 restipulationem
1207 1351 1357 1390 clarius.
1400 1351 1584 1396 Attende‚

258 1435 417 1472 quaeso,
431 1420 558 1469 ‘Piso3
588 1420 784 1459 Fannium
814 1418 979 1458 invitum
1003 1425 1040 1456 et
1061 1419 1139 1455 huc
1159 1424 1278 1466 atque
1298 1416 1390 1455 illuc
1411 1415 1587 1466 tergiver-
1611 1428 1650 1450 20

257 1494 409 1525 santem
450 1486 721 1525 testimonium
754 1492 891 1523 contra
925 1498 966 1522 se
1001 1496 1101 1532 cogo
1135 1482 1276 1521 dicere.
1338 1481 1446 1530 Quid
1481 1480 1586 1520 enim

258 1551 500 1602 restipulatio
531 1553 703 1590 clamat?
753 1562 865 1595 QVOD
896 1561 921 1587 A
953 1560 1102 1587 FLAvio
1131 1559 1382 1594 ABSTVLERO,
1416 1558 1586 1585 PARTEM

259 1629 466 1655 DlMlDIAM
513 1629 616 1654 INDE
656 1627 804 1655 ROSC1O
844 1627 905 1652 ME
943 1625 1191 1652 SOLVTVRVM
1232 1624 1433 1651 SPONDEO.
1498 1614 1588 1650 Tua

200 1694 238 1731 58
259 1695 334 1721 vox
363 1688 431 1728 est,
457 1681 592 1720 Fanni.
653 1680 762 1730 Quid
791 1687 832 1719 tu
859 1680 1010 1718 auferre
1030 1686 1143 1730 potes
1164 1692 1187 1717 a
1207 1678 1353 1725 Flavio,
1377 1677 1408 1717 si
1432 1680 1587 1718 Flavius

259 1747 356 1787 nihil
387 1746 539 1786 debet?
581 1746 678 1797 quid
710 1745 774 1784 hic
805 1759 922 1796 porro
955 1757 1063 1784 nunc
1091 1743 1340 1794 restipulatur
1369 1745 1479 1796 quod
1508 1744 1590 1787 iam
1611 1758 1647 1789 25

257 1812 410 1862 pridem
432 1812 515 1862 ipse
536 1810 692 1861 exegit?
722 1811 831 1860 quod
852 1823 944 1848 vero
975 1809 1131 1847 Flavius
1152 1808 1221 1847 tibi
1244 1809 1406 1847 daturus
1427 1818 1497 1858 est,
1519 1810 1587 1861 qui

262 1876 408 1915 Roscio
448 1889 566 1914 omne
605 1877 714 1925 quod
753 1874 891 1913 debuit
930 1873 1139 1912 dissolvit?
1214 1875 1294 1913 Cur
1342 1874 1380 1912 in
1429 1889 1468 1913 re
1508 1883 1587 1914 tam

259 1949 402 1989 vetere,
423 1941 462 1979 in
484 1940 642 1990 negotio
667 1940 743 1978 iam
774 1941 966 1987 confecto,
996 1939 1033 1977 in
1056 1939 1242 1977 societate
1272 1939 1462 1979 dissoluta
1487 1955 1588 1980 nova

260 2008 357 2046 haec
397 2005 638 2056 restipulatio
677 2004 973 2056 interponitur?
1012 2005 1099 2054 quis
1139 2011 1197 2043 est
1236 2004 1351 2043 huius
1390 2005 1589 2056 restipula-

304 2121 322 2141 ε
349 2110 381 2140 ἱη
400 2110 562 2140 societate
580 2120 645 2140 om.
664 2113 689 2140 Ω
823 2120 843 2148 4
869 2107 1040 2148 praeclare
1058 2108 1186 2139 sciebat
1203 2108 1331 2148 Kayser
1347 2109 1441 2148 (fort.
1458 2110 1588 2140 sciebat

259 2165 281 2186 c.
302 2165 331 2185 v.
351 2164 370 2192 3
395 2157 470 2184 aute
495 2154 671 2193 praeclare
694 2152 994 2192 transponendum)
1151 2153 1171 2181 6
1196 2152 1331 2182 decedit
1349 2152 1434 2183 b¹scz
1464 2153 1588 2184 decidit

260 2201 322 2228 (cll.
473 2207 489 2235 7
513 2207 574 2227 nec
592 2197 638 2227 ed.
659 2196 713 2226 R:
739 2207 780 2225 ne
799 2195 885 2226 codd.
1044 2197 1082 2225 16
1107 2195 1168 2236 xv]
1188 2205 1223 2225 ιν
1240 2196 1413 2226 Hotoman
1547 2207 1584 2226 21

261 2251 344 2279 cogo
370 2240 482 2270 dicere
507 2240 754 2270 Boemoraeus:
780 2239 893 2269 dicere
919 2249 1003 2277 cogo
1028 2238 1115 2269 codd.
1146 2239 1240 2279 (fort.
1260 2240 1372 2270 dicere
1397 2250 1460 2279 ego
1487 2241 1586 2281 cogo)

260 2284 301 2314 28
325 2283 430 2314 veteri
446 2283 534 2314 codd.
551 2294 557 2313 :
583 2294 660 2314 corr.
677 2283 723 2313 ed.
740 2282 773 2312 R
862 2283 927 2313 iam
943 2282 1138 2313 Gulielmius
1153 2292 1159 2313 :
1185 2287 1251 2313 tam
1265 2282 1353 2315 codd.
