1747 2620
209 119 251 147 21

213 566 253 595 49

272 118 312 158 48
638 111 694 149 M.
727 111 894 147 TVLLI
927 110 1234 148 CICERONIS

273 224 378 260 hunc
410 224 624 260 Tusculani
660 230 835 260 montem
870 223 1174 264 exstruendum:
1222 236 1311 261 cum
1347 223 1423 261 iam
1460 232 1601 272 egeret,

273 301 361 325 cum
404 288 467 326 illa
506 288 589 325 eius
630 287 849 325 intermissa
896 287 1152 325 intolerabilis
1199 288 1425 327 aedificatio
1464 289 1605 327 consti-

273 352 392 400 tisset,
434 366 475 391 se
511 354 650 403 ipsum,
694 352 806 390 fascis
847 365 949 399 suOS,
987 351 1201 391 exercitum
1240 353 1376 404 populi
1418 354 1603 402 Romani,

273 432 420 457 numen
468 418 802 468 interdictumque
853 419 1019 457 deorum
1072 418 1366 465 immortalium,
1417 433 1604 470 responsa

274 484 534 530 sacerdotum,
576 483 849 521 auctoritatem
890 490 1059 531 senatus,
1100 482 1204 521 iussa
1242 484 1378 534 populi
1420 485 1602 531 Romani,

275 561 420 586 nomen
442 562 489 587 ac
509 548 739 599 dignitatem
774 547 911 598 imperi
933 547 1010 597 regi
1034 548 1229 599 Aegyptio
1251 548 1440 587 vendidit.
1501 551 1604 588 Cum

276 613 362 651 finis
397 614 620 663 provinciae
653 621 782 652 tantos
818 614 979 651 liaberet
1015 620 1183 663 quantos
1219 615 1404 661 voluerat,
1438 622 1606 664 quantos

275 686 438 728 optarat,
463 687 631 731 quantos
663 678 788 729 pretio
818 678 893 716 mei
927 678 1063 728 capitis
1093 678 1348 729 periculoque
1368 687 1525 727 emerat,
1552 680 1607 718 eis

276 758 316 782 se
356 752 488 782 tenere
527 758 606 782 non
647 744 800 794 potuit:
846 743 1056 781 exercitum
1097 743 1230 781 eduxit
1269 757 1315 781 ex
1352 744 1468 793 Syria.
1528 745 1606 791 Qui

276 809 383 847 licuit
414 817 518 847 extra
548 809 822 860 provinciffln?
883 808 1066 846 Praebuit
1088 822 1129 845 se
1151 810 1461 846 mercennarium
1491 810 1609 848 comiss

276 883 353 912 tem
386 874 461 924 regi
494 874 771 912 Alexandrino.
833 873 941 920 Quid
971 875 1047 911 hoc
1075 873 1257 923 turpitis?
1316 876 1361 912 In
1384 876 1607 924 Aegyptum

276 940 392 988 venit,
440 941 547 989 signa
596 939 760 977 contulit
811 953 899 977 cum
953 938 1238 977 Alexandrinis.
1311 941 1484 986 Quando
1533 941 1609 977 lioc

279 1006 424 1043 bellum
472 1013 538 1043 aut
587 1005 650 1043 hic
699 1007 797 1043 ordo
847 1013 911 1042 aut
963 1007 1132 1055 populus
1181 1008 1434 1055 susceperat?
1494 1005 1608 1055 ('epit

278 1073 577 1110 Alexandream.
638 1071 746 1118 Quid
776 1070 883 1108 aliud
915 1079 1187 1121 exspectamus
1217 1085 1239 1109 a
1269 1073 1394 1109 surore
1423 1073 1505 1109 eius
1535 1071 1606 1109 nisi

219 1156 232 1185 .'
279 1146 318 1175 ut
339 1139 389 1175 ad
412 1145 590 1175 senatum
622 1136 739 1174 tantis
771 1137 821 1174 de
852 1136 966 1174 rebus
997 1136 1113 1185 gestis
1145 1137 1289 1175 litteras
1312 1137 1470 1174 mittat?
1529 1136 1608 1174 Hic

278 1204 306 1240 si
345 1202 485 1240 mentis
525 1209 625 1240 esset
660 1215 763 1247 suae,
799 1201 871 1238 nisi
908 1215 1055 1251 poenas
1096 1202 1242 1252 patriae
1281 1202 1420 1252 disque
1455 1202 1610 1240 immor—

279 1269 420 1306 talibus
448 1282 512 1306 eas
538 1281 639 1318 quae
668 1267 917 1317 gravissimae
940 1275 1029 1305 sunt
1052 1269 1178 1306 surore
1199 1276 1318 1318 atque
1339 1268 1491 1306 insania
1519 1282 1611 1318 pen-

278 1336 397 1380 deret,
439 1347 556 1371 ausus
596 1341 696 1372 esset
722 1357 765 1359 v
792 1332 905 1371 mitto
945 1332 1047 1371 exire
1095 1334 1145 1371 de
1191 1333 1401 1384 provincia,
1443 1334 1611 1372 educere

279 1399 502 1446 exercitum,
536 1399 683 1437 bellum
720 1412 789 1437 sua
824 1406 965 1449 sponte
1003 1412 1149 1449 gerere,
1183 1399 1223 1437 in
1258 1413 1420 1450 regnum
1460 1399 1609 1438 iniussu

279 1465 412 1516 populi
451 1464 621 1503 Romani
652 1472 719 1503 aut
752 1472 910 1503 senatus
943 1465 1143 1512 accedere,
1174 1478 1275 1515 quae
1301 1478 1390 1503 cum
1420 1464 1610 1515 plurimae

279 1532 382 1580 leges
404 1538 564 1577 veteres,
589 1538 671 1568 tum
694 1532 754 1569 lex
777 1530 961 1570 Cornelia
990 1530 1213 1578 maiestatis,
1238 1530 1339 1568 Iulia
1363 1532 1413 1569 de
1434 1530 1610 1580 pecuniis

279 1596 507 1647 repetundis
538 1596 765 1646 planissime
787 1604 889 1634 vetat
907 1598 923 1634 ?
980 1597 1059 1634 Sed
1080 1597 1177 1634 haec
1198 1596 1339 1634 omitto
1356 1611 1365 1643 3
1394 1595 1457 1634 ille
1478 1595 1508 1633 si
1530 1610 1611 1634 non

279 1662 465 1701 acerrime
501 1663 653 1709 fureret,
687 1663 859 1710 auderet,
894 1676 1012 1712 quam
1053 1661 1295 1712 provinciam
1329 1663 1369 1699 P.
1406 1663 1609 1710 Lentulus,

279 1727 538 1767 amicissimus
561 1727 652 1765 huic
674 1727 812 1773 ordini,
839 1741 929 1765 cum
953 1736 990 1766 et
1011 1727 1242 1765 auctoritate
1270 1734 1428 1765 senatus
1449 1734 1487 1765 et
1507 1734 1611 1765 sorte

280 1794 455 1840 liaberet,
486 1793 714 1842 interposita
755 1793 940 1843 religione
976 1793 1059 1831 sine
1094 1794 1171 1831 ulla
1205 1792 1453 1831 dubitatione
1492 1794 1611 1842 depo-

279 1861 429 1905 suisset,
471 1872 556 1896 eam
602 1858 675 1896 sibi
716 1858 944 1905 adsciscere,
987 1873 1089 1906 cum,
1130 1857 1247 1896 etiam
1288 1857 1316 1895 si
1358 1856 1491 1906 religio
1530 1870 1609 1894 non

280 1924 497 1974 impediret,
522 1936 607 1961 mos
631 1923 822 1962 maiorum
855 1932 987 1963 tamen
1018 1932 1055 1963 et
1086 1924 1264 1973 exempla
1294 1930 1332 1960 et
1362 1922 1612 1971 gravissimae

279 1992 408 2040 legum
432 2002 583 2040 poenae
607 1992 811 2028 vetarent?

329 2100 340 2119 1
369 2089 545 2119 Tusculani
583 2089 720 2120 f-culani
754 2091 788 2120 1⁸11
816 2090 872 2121 lac.
905 2093 978 2120 aula
1005 2099 1024 2128 5
1056 2089 1113 2122 litt.
1143 2088 1291 2129 spolium
1322 2087 1397 2118 add.
1435 2086 1493 2116 1⁷2¹·
1527 2086 1610 2117 PV:

278 2133 457 2163 'l'usculam
483 2133 516 2162 in
544 2138 692 2164 montem
716 2133 782 2164 Ee:
807 2134 1032 2164 Tusculanum
1057 2133 1243 2173 cell.:s01·!‚
1269 2130 1406 2162 Tusculi
1433 2131 1609 2160 immanem

278 2186 352 2206 cum
370 2177 432 2206 iam
452 2181 568 2215 egeret
588 2176 669 2206 PV:
696 2188 761 2208 om.
782 2180 845 2208 cal.
981 2188 999 2207 2
1025 2177 1075 2206 cui
1095 2176 1148 2206 illa
1170 2176 1202 2205 1⁷
1287 2174 1476 2205 intermissa
1493 2173 1608 2204 PVs‘:

280 2221 414 2250 inmissa
449 2220 612 2250 immensa
631 2225 664 2251 ct
682 2221 730 2259 N)
750 2224 816 2251 cell.
936 2230 956 2259 3
972 2220 1114 2250 Romani
1132 2219 1215 2250 Pss‘:
1240 2229 1305 2249 om.
1326 2221 1390 2250 cell.
1508 2218 1528 2247 8
1552 2227 1609 2256 op-

279 2268 365 2293 tarat
382 2263 433 2294 P:
459 2268 636 2302 optaverat
654 2267 719 2295 cell.
833 2264 941 2303 pretio
960 2263 1024 2293 mci
1044 2273 1117 2302 cap.
1137 2262 1220 2293 PV:
1245 2262 1310 2292 mei
1328 2272 1401 2301 cap.
1420 2262 1528 2301 pretio
1546 2264 1608 2292 cett.

279 2307 495 2345 periculoque
516 2317 580 2336 0111.
604 2305 634 2336 V
768 2318 806 2337 10
831 2307 985 2346 praebuit
1008 2316 1044 2335 se
1063 2307 1114 2336 P:
1151 2306 1347 2345 praebuisse
1369 2305 1417 2335 V:
1442 2305 1555 2335 tribuit
1572 2314 1608 2334 se

278 2353 342 2380 cell.
447 2360 477 2379 11
501 2350 732 2381 Alexandrino
751 2350 897 2390 I³l⁷x¹5z
922 2350 1120 2380 Alexandro
1138 2353 1202 2381 cell.
1305 2348 1342 2387 154
1367 2347 1608 2379 Alexandriam

279 2393 366 2423 codd.
482 2404 523 2423 ρο
549 2393 695 2424 Romani
713 2394 764 2424 P:
789 2405 853 2424 om.
874 2397 937 2424 cett.
1051 2392 1123 2434 aut]
1141 2403 1179 2424 ac
1201 2392 1232 2422 V
1356 2402 1393 2422 21
1422 2392 1607 2422 maiestatis

279 2436 437 2467 Cornelia
455 2436 488 2466 P
597 2448 637 2467 22
662 2442 751 2468 vetat
770 2437 855 2468 PV:
884 2442 997 2468 vetant
1015 2441 1077 2468 cett.
1186 2447 1225 2474 24
1251 2447 1324 2467 cum
1346 2436 1395 2475 ct]
1427 2445 1500 2465 cum
1519 2445 1559 2465 ex
1582 2435 1611 2465 V

278 2482 320 2510 26
344 2480 423 2521 sibi]
442 2480 501 2511 sibi
521 2490 592 2510 cum
611 2480 646 2510 N

1631 822 1668 844 10

1631 1476 1670 1497 20

1631 1802 1669 1834 25
