1716 2662
272 85 382 124 PRO
414 86 463 133 Q.
497 84 704 124 ROSCIO
734 84 1019 124 COMOEDO
1052 85 1269 124 ORATIO
1398 97 1434 123 11
1458 97 1496 132 3²

110 196 234 235 benc.'
255 220 307 224 —-
327 198 430 235 Gere
460 204 497 234 et
519 204 560 234 tu
581 204 691 234 tuum
718 195 830 234 bene.
852 218 906 222 —
929 197 1100 245 ‘Magno
1126 202 1166 234 ίιι
1195 203 1301 234 tuam
1326 196 1437 234 dimi-

107 261 212 299 diam
230 269 379 311 partem
400 260 605 300 decidisti.'
625 282 678 288 ——
698 262 848 310 Magno
868 267 906 298 et
927 268 968 298 tu
990 268 1096 298 tuam
1117 268 1267 310 partem
1284 260 1436 300 decide.

106 348 159 353 —
189 329 283 365 ‘HS
313 329 362 375 Q.
395 334 437 365 tu
465 326 685 365 abstulisti.’
713 347 767 352 —
795 327 852 364 Sit
882 325 934 364 ita
963 326 1051 373 hoc,
1083 339 1174 365 vero
1211 328 1281 365 HS
1313 328 1361 375 Q.
1394 334 1435 365 tu

105 394 224 431 aufer.
283 393 363 431 Sed
397 393 499 429 hanc
531 391 774 430 decisionem
811 390 932 429 Rosci
967 391 1144 430 oratione
1176 399 1213 430 et
1247 391 1434 442 opinione

67 471 84 502 5
105 471 245 507 augere
272 457 373 504 licet,
396 471 436 495 re
464 464 502 495 et
524 456 685 495 veritate
712 456 951 495 mediocrem
977 463 1015 494 et
1040 464 1199 495 tenuem
1227 470 1312 495 esse
1332 456 1435 495 inve-

105 521 229 560 nietis.
290 521 455 572 Accepit
487 521 592 560 enim
618 535 753 572 agrum
784 520 1027 570 temporibus
1058 520 1112 559 eis
1143 535 1231 559 cum
1264 521 1434 560 iacerent

104 587 227 638 pretia
260 587 535 638 praediorum3
576 587 643 637 qui
677 601 768 637 ager
801 600 930 636 neque
964 586 1096 624 villam
1132 586 1269 625 habuit
1304 600 1434 637 neque

104 667 150 691 ex
176 654 254 691 ulla
281 660 389 703 parte
416 652 488 691 fuit
515 654 668 699 cultus,
702 652 769 702 qui
795 665 900 690 nunc
927 653 1051 690 multo
1079 651 1199 701 pluris
1227 659 1285 690 est
1314 666 1431 701 quam

104 725 198 756 tunc
228 717 312 756 fuit.
371 719 512 767 Neque
545 716 584 756 id
616 724 674 756 est
711 716 862 754 mirum.
922 718 1027 754 Tum
1057 716 1162 754 enim
1193 724 1351 767 propter
1380 717 1433 756 rei

45 797 85 820 10
103 783 285 834 publicae
313 782 554 821 calamitates
588 782 767 821 omnium
802 781 1071 832 possessiones
1106 790 1216 821 erant
1250 782 1430 830 incertae,

102 862 209 887 nunc
229 850 348 887 deum
373 848 654 886 immortalium
676 847 917 898 benignitate
942 847 1121 885 omnium
1143 849 1322 887 fortunae
1342 856 1433 886 sunt

101 922 255 961 certae3
283 921 367 952 tum
395 920 475 951 erat
501 926 591 962 ager
611 912 782 951 incultus
810 912 894 950 sine
919 920 1035 960 tecto,
1059 926 1165 951 nunc
1187 920 1245 951 est
1273 912 1435 951 cultissi-

102 993 188 1018 mus
209 992 299 1017 cum
321 978 469 1029 optima
489 978 589 1016 villa.
648 980 796 1016 Verum
818 986 959 1025 tamen,
985 977 1173 1028 quoniam
1196 985 1334 1016 natura
1353 985 1432 1016 tam
1454 992 1494 1023 34

102 1043 306 1083 malivolus
342 1058 392 1091 es,
421 1056 639 1093 numquam
671 1042 743 1081 ista
778 1050 817 1081 te
846 1042 1026 1081 molestia
1055 1050 1093 1081 et
1123 1056 1215 1080 cura
1245 1042 1432 1081 liberabo.

45 1126 80 1158 ¹5
103 1111 302 1148 Praeclare
326 1122 441 1147 suum
471 1108 672 1158 negotium
702 1108 820 1158 gessit
851 1107 1031 1154 Roscius,
1064 1109 1232 1146 fundum
1266 1109 1433 1147 fructuo-

100 1174 297 1213 sissimum
326 1173 511 1221 abstulit3
541 1172 637 1223 quid
666 1174 717 1212 ad
748 1175 815 1212 te?
870 1175 999 1211 Tuam
1030 1180 1181 1223 partem
1213 1172 1429 1221 dimidiam,

100 1254 217 1290 quem
252 1241 304 1278 ad
328 1240 494 1278 modum
524 1238 592 1285 vis,
625 1238 777 1277 decide.
835 1237 962 1276 Vertit
992 1237 1057 1275 hic
1091 1236 1282 1276 rationem
1319 1245 1357 1276 et
1392 1237 1431 1276 id

99 1306 208 1355 quod
238 1305 403 1355 probare
438 1318 520 1343 non
555 1310 685 1354 potest
715 1304 860 1354 fingere
890 1310 1064 1342 conatur.
1140 1304 1225 1341 ‘De
1255 1310 1337 1342 tota
1367 1304 1431 1351 re,'

99 1369 236 1420 inquit,
262 1368 493 1408 ‘decidisti.'

42 1449 81 1471 20
154 1438 257 1486 Ergo
273 1436 352 1473 huc
378 1434 559 1473 universa
583 1448 701 1473 causa
729 1433 950 1481 deducitur,
983 1441 1112 1473 utrum
1141 1433 1311 1473 Roscius
1338 1447 1429 1473 cum

101 1501 235 1540 Flavio
259 1503 309 1540 de
331 1514 401 1539 sua
422 1509 532 1551 parte
552 1514 603 1538 an
627 1501 678 1539 de
705 1507 787 1538 tota
814 1499 1000 1539 societate
1030 1501 1164 1538 fecerit
1190 1499 1427 1550 pactionem.

100 1569 203 1606 Nam
233 1581 306 1617 ego
337 1565 538 1613 Roscium,
572 1565 603 1604 si
633 1565 729 1616 quid
756 1565 959 1604 communi
985 1565 1147 1604 nomine
1175 1565 1310 1615 tetigit,
1339 1579 1430 1604 con·
1448 1582 1488 1614 35

100 1634 210 1671 fiteor
247 1640 443 1682 praestare
477 1631 622 1670 debere
661 1630 849 1670 societati.
886 1653 935 1658 —
974 1630 1189 1677 Societatis,
1227 1644 1308 1669 non
1339 1644 1429 1670 suas

98 1698 175 1738 litis
209 1698 385 1745 redemit,
419 1711 511 1736 cum
542 1698 710 1735 fundum
741 1710 764 1734 a
795 1696 929 1734 Flavio
959 1696 1122 1746 accepit.
1153 1719 1207 1723 —
1237 1696 1429 1745 Quid-ita

40 1772 79 1808 25
99 1763 190 1803 satis
217 1777 301 1803 non
323 1763 435 1802 dedit
463 1762 632 1813 amplius
660 1775 788 1800 assem
818 1761 1016 1800 neminem
1046 1761 1291 1812 petiturum?
1347 1761 1427 1810 Qui

97 1829 246 1867 desua
274 1836 382 1878 parte
410 1827 568 1874 decidit,
599 1826 757 1876 reliquis
784 1826 974 1876 integram
1003 1826 1187 1876 relinquit
1215 1825 1424 1873 actionem,

97 1893 163 1944 qui
198 1907 268 1944 pro
299 1893 415 1932 sociis
450 1892 636 1942 transigit,
669 1892 760 1930 satis
792 1893 858 1930 dat
893 1891 1093 1930 neminem
1124 1904 1259 1930 eorum
1289 1899 1426 1942 postea

1458 371 1501 398 12

1458 429 1497 461 53

143 2010 155 2029 1
183 2003 216 2029 tu
234 1997 340 2038 suppl.
361 1997 552 2038 Naugerius
570 1997 618 2035 (2)
724 2006 743 2036 3
769 1996 810 2034 Q.
827 1996 963 2035 sm‘psi:
989 2006 1053 2034 que
1071 1995 1153 2035 (om.
1171 2006 1237 2035 que
1256 1996 1283 2035 c)
1298 2006 1423 2027 cccmn

96 2042 209 2073 codd:
240 2042 280 2080 Q.
298 2051 431 2072 6661333
454 2041 644 2071 illommscn
667 2051 674 2070 ε
710 2050 842 2070 6661333
867 2039 1056 2079 Naugerius
1083 2039 1137 2078 (Q.
1159 2055 1183 2065 =
1207 2050 1360 2079 500,000,
1387 2042 1422 2080 cf

95 2085 184 2115 Neue
200 2085 230 2116 ii.
251 2095 325 2124 345.
372 2085 421 2115 De
435 2088 590 2114 sententza
607 2084 643 2122 «fi
666 2087 680 2121 ξ
705 2094 746 2122 33
770 2094 858 2113 nunc
886 2083 990 2113 multo
1015 2083 1119 2122 pluris
1145 2088 1196 2113 est
1221 2093 1317 2122 quam
1343 2089 1420 2114 tunc

96 2128 174 2168 fuit)
310 2130 351 2159 sit
377 2130 422 2159 ita
445 2129 520 2168 hoc,
548 2138 628 2157 vero
651 2127 785 2167 scripsi:
809 2126 837 2156 si
862 2127 898 2156 fit
923 2127 985 2156 hoc
1007 2136 1088 2156 vero
1111 2126 1222 2156 codd.:
1249 2127 1274 2155 si
1298 2127 1421 2158 sithoc

96 2182 210 2203 verum
228 2172 400 2203 Holoman
553 2170 612 2211 Q]
631 2181 694 2209 que
713 2179 861 2209 iquoque
879 2172 903 2210 c).
925 2169 1012 2201 codd.
1028 2181 1034 2199 ε
1061 2169 1102 2207 Q.
1123 2179 1256 2200 6661333
1274 2169 1421 2200 Momm-

95 2226 151 2246 sen
171 2217 318 2256 (6661333
342 2222 374 2246 tu
402 2225 534 2255 quoque
559 2214 760 2253 Naugerius,
940 2224 976 2251 14
1002 2213 1176 2243 malivolus
1201 2214 1285 2243 mci:
1320 2213 1420 2244 male-

96 2259 193 2290 volus
220 2260 266 2290 ed.
298 2259 443 2299 Hei-vag.
559 2257 707 2288 liberabo
731 2257 763 2294 k,
789 2255 972 2295 Angelius:
1001 2256 1158 2286 liberabis
1181 2260 1245 2286 cett.
1383 2258 1420 2287 18

96 2303 284 2342 approbare
302 2304 379 2334 5205*
512 2313 552 2342 25
577 2312 684 2332 assem
705 2302 821 2343 scripsi
845 2301 896 2338 (cs.
918 2303 932 2336 ξ
951 2299 1008 2338 49⁴)
1027 2311 1034 2330 ε
1058 2310 1076 2330 a
1093 2310 1130 2330 se
1153 2301 1233 2335 (om.
1252 2300 1285 2340 k)
1305 2299 1393 2331 codd.

96 2356 170 2377 csse
188 2345 433 2377 Boemoraeus:
458 2345 516 2376 dcl.
539 2346 700 2377 Garatoni
832 2345 874 2374 26
899 2343 1054 2382 relinquit
1072 2347 1104 2374 l:
1130 2343 1262 2383 reliquit
1279 2347 1343 2375 cett.
