1716 2662
401 97 509 135 PRO
540 98 587 135 A.
622 97 871 135 CAECINA
902 98 1118 136 ORATIO
1372 109 1415 136 12
1436 113 1477 144 34

93 221 181 247 mea
197 208 389 258 coegisset
405 207 530 255 armis,
551 208 737 247 haberem
758 202 967 256 actionem,
985 209 1015 246 si
1031 208 1096 259 qui
1114 209 1273 248 introire
1288 211 1417 261 prohi-

93 272 251 320 buisset,
284 286 364 310 non
395 273 612 312 haberem?
669 274 860 311 Nondum
889 275 940 312 de
970 274 1166 313 Caecinae
1196 288 1313 313 causa
1341 274 1416 313 dis-

91 346 198 388 puto,
223 339 401 376 nondum
422 339 473 376 de
494 338 575 376 iure
602 337 862 388 possessionis
889 346 1044 377 nostrae
1068 340 1233 389 loquor3
1263 347 1415 377 tantum

91 405 140 442 de
171 411 236 441 tua
266 403 508 451 defensione,
532 405 576 443 C.
601 403 702 452 Piso,
727 417 884 454 quaero.
944 404 1143 453 Quoniam
1173 405 1225 443 ita
1252 405 1349 443 dicis
1378 412 1416 444 et
1437 418 1475 448 35

53 484 70 516 5
91 468 143 507 ita
164 468 380 516 constituis,
405 468 435 507 si
466 469 649 516 Caecina,
673 483 763 508 cum
785 468 824 508 in
846 471 970 508 fundo
991 478 1103 518 esset,
1127 470 1219 509 inde
1240 470 1416 510 deiectus

91 541 202 581 esset,
237 542 320 572 tum
353 547 422 585 per
455 534 531 572 hoc
565 534 818 573 interdictum
858 548 948 573 eum
984 534 1132 573 restitui
1173 535 1419 586 oportuisse,-

91 613 196 638 nunc
217 612 308 638 vero
335 599 534 638 deiectum
559 601 668 638 nullo
695 601 818 638 modo
839 613 924 638 esse
949 599 1041 639 inde
1069 600 1135 638 ubi
1167 614 1248 638 non
1278 600 1419 649 fuerit3

91 665 166 703 hoc
187 664 397 704 interdicto
418 664 515 703 nihil
536 668 610 703 nos'
629 666 839 703 adsecutos
862 678 970 704 esse:
1005 679 1162 716 quaero,
1188 666 1218 703 si
1240 674 1277 705 te
1298 666 1418 705 hodie

91 730 255 768 domum
291 737 399 768 tuam
437 731 669 768 redeuntem
709 730 834 769 coacti
873 721 1062 769 homines·
1090 739 1128 770 et
1162 732 1299 770 armati
1337 745 1418 770 non

35 807 72 832 10
91 795 213 833 modo
228 794 364 833 limine
379 802 565 844 tectoque
583 794 742 834 aedium
764 803 918 834 tuarum
940 797 1010 834 sed
1031 796 1157 847 primo
1178 797 1287 835 aditu
1307 797 1420 836 vesti-

91 859 265 909 buloque
304 859 588 910 prohibuerint,
629 859 725 910 quid
763 868 919 899 acturus
959 861 1019 899 sis.
1092 863 1234 900 Monet
1270 862 1420 901 amicus

91 938 202 963 meus
222 932 272 972 te,
296 925 339 963 L.
356 924 604 975 Calpurnius,
622 933 663 963 ut
685 924 790 963 idem
812 925 919 964 dicas
942 928 1050 976 quod
1072 929 1154 978 ipse
1174 935 1290 966 antea
1310 927 1421 976 dixit,

91 989 329 1028 iniuriarum.
390 989 499 1036 Quid
529 991 580 1029 ad
610 1003 768 1028 causam
796 992 1067 1041 possessionis,
1098 993 1196 1042 quid
1231 994 1281 1032 ad
1315 993 1420 1032 resti-

91 1056 284 1094 tuendum
314 1068 405 1094 eum
431 1068 550 1105 quem
577 1063 732 1106 oportet
762 1056 925 1105 restitui,
953 1057 1049 1107 quid
1079 1057 1252 1108 denique
1280 1059 1330 1097 ad
1361 1058 1419 1097 ius

36 1133 70 1165 15
91 1120 216 1167 civile,
237 1128 305 1159 aut
334 1122 385 1159 ad
415 1121 603 1170 praetoris
625 1121 829 1160 notionem
860 1130 979 1172 atque
1009 1122 1421 1163 animadversionem?

91 1187 196 1236 Ages
218 1184 455 1224 iniuriarum.
516 1187 609 1224 Plus
638 1185 708 1224 tibi
736 1199 809 1236 ego
837 1187 1001 1237 largiar3
1031 1201 1110 1226 non
1141 1189 1267 1226 solum
1298 1188 1420 1238 egeris

91 1263 224 1289 verum
242 1250 360 1288 etiam
377 1250 654 1289 condemnaris
671 1251 778 1299 licet,·
804 1266 899 1290 num
918 1252 1014 1302 quid
1033 1253 1154 1303 magis
1171 1252 1421 1303 possidebis?

90 1315 194 1354 actio
224 1315 329 1354 enim
359 1315 586 1355 iniuriarum
608 1330 689 1355 non
719 1317 779 1355 ius
806 1317 1066 1367 possessionis
1096 1317 1324 1367 adsequitur
1350 1319 1421 1357 sed

93 1383 271 1420 dolorem
310 1381 541 1420 imminutae
589 1381 777 1420 libertatis
826 1381 972 1420 iudicio
1011 1395 1219 1432 poenaque
1258 1382 1418 1432 mitigat.

36 1465 76 1487 20
96 1447 426 1495 Praetorinterea,
445 1447 547 1495 Piso,
566 1454 674 1486 tanta
695 1449 745 1486 de
772 1461 812 1486 re
839 1447 1016 1486 tacebit?
1047 1460 1164 1497 quem
1185 1448 1235 1486 ad
1257 1449 1420 1485 modum
1440 1434 1484 1514 1}

94 1521 131 1551 te
161 1513 338 1552 restituat
367 1512 407 1550 in
431 1513 539 1552 aedis
561 1521 647 1551 tuas
667 1526 747 1551 non
769 1511 961 1550 habebit?
1017 1512 1096 1561 Qui
1118 1511 1201 1550 dies
1222 1519 1326 1550 totos
1354 1519 1421 1550 aut
1442 1495 1459 1526 3

93 1578 171 1616 vim
202 1577 284 1616 fieri
314 1586 418 1617 vetat
448 1586 515 1617 aut
545 1577 694 1617 restitui
726 1578 869 1616 factam
901 1576 1020 1623 iubet,
1044 1576 1110 1627 qui
1141 1578 1191 1615 de
1222 1576 1345 1623 fossis,
1370 1577 1420 1615 de

93 1644 246 1691 cloacis,
271 1645 321 1683 de
338 1643 510 1683 minimis
525 1657 715 1694 aquarum
738 1643 1000 1692 itinerumque
1016 1641 1288 1680 controversiis
1309 1641 1422 1680 inter-

92 1708 198 1756 dicit,
222 1709 253 1747 is
277 1718 437 1760 repente
471 1711 732 1757 obmutescet,
764 1708 802 1746 in
837 1707 1080 1746 atrocissima
1108 1721 1148 1746 re
1180 1707 1276 1757 quid
1307 1706 1422 1745 saciat

36 1787 73 1820 25
93 1787 173 1812 non
201 1775 393 1814 habebit?
427 1783 465 1813 et
493 1776 539 1815 C.
563 1774 696 1814 Pisoni
727 1775 848 1813 domo
879 1773 1070 1823 tectisque
1101 1773 1178 1811 suis
1209 1772 1418 1823 prohibito,

85 1841 280 1889 prohibito
301 1840 474 1890 inquam,
501 1854 569 1891 per
599 1839 781 1878 homines
812 1846 970 1877 coactos
996 1845 1034 1876 et
1061 1845 1241 1884 armatos,
1268 1845 1422 1888 praetor

93 1917 211 1955 quem
251 1907 302 1944 ad
342 1907 505 1944 modum
541 1919 650 1944 more
689 1912 727 1943 et
761 1905 942 1954 exemplo
977 1903 1157 1953 opitulari
1188 1903 1311 1953 possit
1340 1916 1420 1942 non

142 2021 154 2041 1
183 2020 256 2041 mea
273 2021 338 2041 om.
357 2009 495 2049 Quintil.
515 2020 545 2040 v.
570 2019 618 2040 11.
637 2018 679 2048 33
811 2007 1000 2047 coegissent
1017 2004 1154 2037 eM¹0¹c1
1309 2017 1328 2036 2
1354 2017 1421 2038 non

95 2053 253 2085 haberem
271 2065 333 2086 om.
355 2053 384 2084 T
490 2064 508 2092 4
533 2063 659 2092 quaero
682 2050 772 2083 TEe:
797 2061 921 2090 queror
937 2054 999 2081 cett.
1092 2049 1246 2089 quoniam
1267 2049 1353 2091 (φὶ)
1376 2049 1421 2080 T:

95 2098 230 2137 quando
246 2097 287 2128 k:
314 2096 380 2137 quo
396 2096 579 2137 (quomodo
600 2096 649 2137 m)
668 2099 732 2127 cett.
847 2105 864 2134 7
891 2094 1015 2124 nullum
1035 2093 1200 2124 deiectum
1226 2093 1254 2123 T
1383 2103 1417 2123 11

96 2141 337 2181 prohibuerunt
360 2140 405 2171 T:
441 2140 656 2180 prohibuerat
670 2150 704 2169 m
873 2148 910 2176 13
934 2137 1012 2177 quid
1031 2137 1062 2167 id
1080 2138 1122 2185 ad
1139 2146 1272 2167 causam
1290 2135 1425 2167 Ernesti

1006 2186 1109 2206 aetorls

101 2227 138 2256 15
156 2223 212 2249 aut
222 2218 279 2259 ad]
294 2222 351 2249 aut
368 2217 398 2248 T
453 2217 619 2257 praetoris
632 2215 753 2247 Faber:
778 2214 901 2246 actoris
914 2215 967 2244 ‘ex
979 2224 1027 2253 pr.
1112 2216 1123 2255 )
1140 2212 1228 2245 codd.
1320 2218 1421 2253 atque

97 2260 206 2293 eMff:
230 2267 264 2292 et
281 2262 321 2292 ad
339 2273 361 2299 μ
503 2263 541 2292 16
565 2271 646 2299 ages
665 2260 732 2290 Tk:
756 2259 825 2290 aies
841 2262 906 2290 cett.
1040 2267 1081 2296 23
1101 2257 1273 2288 interdicit
1292 2256 1319 2287 is
1336 2258 1418 2298 (om.

104 2304 181 2336 TE:
206 2309 239 2336 et
251 2305 278 2336 is
293 2305 352 2346 ες)
370 2304 412 2336 Μ
424 2315 502 2345 mg„
517 2305 561 2336 ec,—
579 2316 585 2335 :
602 2303 864 2334 interdictiscelt.
936 2311 977 2340 24
1002 2305 1224 2332 ommutescet
1242 2300 1262 2330 k
1330 2301 1419 2339 quod

99 2346 231 2379 Ernesti
357 2358 398 2387 25
424 2348 548 2380 Pisone
572 2346 684 2378 codd.:
717 2357 794 2378 corr.
822 2345 1008 2377 Lambinus
1138 2344 1317 2385 prohibito,
1342 2353 1419 2384 pro-

100 2391 204 2423 hibito
222 2392 262 2432 ς’,
278 2392 443 2432 Angelius
457 2404 464 2423 :
489 2391 657 2432 prohibito
673 2393 736 2422 cell.

141 2445 204 2467 cxc.
225 2445 292 2467 pao
309 2445 455 2467 caccum
1311 2429 1330 2457 6
